2238 3418
1057 368 1107 372 .-
1174 345 1227 384 26
1290 368 1342 374 ,-

498 465 562 502 ter
594 473 695 502 vero
726 459 810 501 hac
843 458 895 501 de
928 474 974 502 re
1007 461 1162 502 statuit
1193 459 1448 515 Vate1·us¹),
1491 461 1577 504 fere
1619 463 1758 504 omnia
1799 476 1904 516 quae

498 535 783 577 Valkenarius
812 534 1084 578 Hermannus
1113 536 1338 591 Euripideo
1366 538 1512 590 generi
1537 551 1775 592 repugnare
1802 539 1905 580 iudi-

497 615 660 665 carant,
693 611 790 665 ipsa
808 612 1025 665 Euripidei
1058 612 1221 665 ingenii
1256 613 1489 666 specimina
1521 614 1744 668 diligenter
1779 615 1906 656 adno-

497 690 607 728 tans.
644 685 717 740 (cf.
755 701 918 740 quaeso
950 702 1014 730 vs.
1049 688 1117 729 69.
1162 688 1230 731 84.
1266 689 1361 730 106.
1398 690 1491 730 162.
1527 691 1622 732 206.
1655 692 1753 732 510.
1787 691 1906 745 6⁶26.)

497 763 616 815 atqui
643 763 888 818 Euripidem
908 777 1061 817 sapere
1094 764 1260 805 videtur
1292 764 1452 806 initium
1487 766 1686 808 carminis
1718 766 1906 820 lugubris

497 839 580 881 906
606 853 668 892 sq.
693 843 734 880 et
756 840 903 882 Musae
928 840 1059 881 verba
1082 841 1297 894 980-82,
1326 855 1404 883 nec
1426 855 1510 882 non
1534 843 1711 896 aurigae
1735 843 1817 884 758
1842 856 1904 896 sq.

617 1098 714 1140 Jam
754 1111 855 1140 vero
898 1097 950 1139 ad
989 1098 1234 1140 metricas
1281 1103 1452 1141 nostrae
1503 1100 1673 1159 fabulae
1719 1101 1903 1142 rationes

498 1173 753 1216 accedentes
788 1187 869 1215 non
905 1187 1130 1228 possumus
1155 1187 1235 1216 non
1265 1175 1438 1216 laudare
1463 1180 1703 1217 accuratam
1726 1176 1904 1230 diligen-

496 1251 611 1291 tiam.
646 1272 698 1277 —
735 1250 789 1290 Et
811 1252 907 1303 jure
941 1249 1110 1303 quidem
1144 1251 1348 1292 observat
1382 1252 1490 1293 God.
1524 1253 1668 1294 Herm.
1689 1251 1720 1306 2)
1768 1256 1903 1294 metra

496 1326 553 1366 ita
588 1325 810 1368 elaborata
852 1339 971 1379 esse,
1015 1326 1155 1378 qualia
1194 1332 1292 1368 ante
1324 1327 1386 1369 Ol.
1422 1328 1475 1369 89
1516 1328 1606 1369 fieri
1640 1332 1782 1370 notum
1824 1332 1902 1370 est.

495 1401 756 1444 Solutionum
788 1404 832 1444 in
863 1401 1053 1444 trimetro
1091 1416 1289 1445 numerus
1322 1403 1364 1444 in
1402 1404 1643 1446 universum
1683 1404 1789 1446 satis
1819 1417 1904 1445 cer-

497 1483 584 1520 tam
608 1492 755 1520 ansam
780 1479 957 1533 praebet
984 1479 1054 1520 ubi
1079 1479 1217 1533 agitur
1245 1479 1296 1521 de
1321 1485 1507 1534 tempore
1529 1480 1714 1522 fabulae.
1738 1480 1901 1521 Etenim

497 1555 720 1610 paullatim
753 1555 942 1597 accrevit
975 1556 1189 1607 socordia,
1231 1556 1464 1598 solutiones
1507 1561 1742 1611 augescunt
1777 1557 1832 1610 (e.
1866 1570 1900 1599 e.

496 1632 693 1685 Alcestis,
727 1645 764 1672 a.
788 1631 871 1672 438
896 1636 1008 1685 aeta,
1039 1632 1093 1672 55
1128 1631 1362 1674 solutiones
1386 1631 1529 1686 habet,
1563 1633 1715 1674 Medea
1737 1647 1776 1674 a.
1800 1632 1903 1674 431:

496 1710 565 1749 72.
600 1712 748 1749 contra
780 1707 947 1749 Helena
980 1722 1017 1748 a.
1051 1708 1155 1748 41⁶2:
1189 1709 1288 1750 390.
1320 1707 1458 1751 Ore-st.
1493 1723 1529 1749 a.
1554 1709 1657 1750 408:
1691 1708 1788 1751 569.
1841 1709 1904 1750 De

497 1784 649 1837 quibus
683 1783 826 1825 confer
858 1783 899 1823 in
934 1783 1177 1825 universum
1213 1797 1321 1837 quae
1345 1784 1569 1838 subtiliter,
1603 1797 1739 1837 neque
1763 1789 1903 1826 tamen

495 1864 539 1901 ut
571 1860 765 1902 omnibus
800 1858 1089 1913 persuaderet,
1123 1860 1357 1914 disputavit
1381 1861 1683 1903 Zirndorfer
1714 1861 1756 1902 in
1790 1860 1906 1902 chro-

494 1936 579 1976 nol.
614 1935 698 1977 fab.
730 1934 939 1990 Euripid.)
1005 1935 1052 1976 In
1097 1940 1246 1978 nostra
1283 1935 1429 1978 fabula
1472 1939 1528 1979 60
1571 1937 1804 1980 solutiones
1848 1937 1906 1977 in-

495 2013 738 2065 veniuntur,
784 2012 971 2054 trimeter
1002 2025 1212 2065 nusquam
1244 2012 1352 2053 inter
1384 2012 1491 2055 duas
1524 2027 1734 2068 personas
1769 2013 1907 2054 distri—

497 2090 621 2130 butus
655 2093 745 2139 est,
786 2094 827 2130 et
861 2088 895 2129 si
936 2087 1060 2129 modo
1093 2088 1292 2130 metricas
1331 2090 1520 2134 rationes
1555 2094 1744 2144 spectes⁷
1793 2089 1905 2131 baud

498 2165 610 2207 male
643 2165 826 2205 Vaterus
859 2163 1050 2205 fabulam
1084 2164 1149 2206 Ol.
1185 2165 1253 2218 85,
1288 2165 1314 2205 4
1347 2170 1486 2207 actam
1521 2178 1618 2207 esse
1651 2166 1806 2219 voluit,
1848 2166 1906 2206 id-

496 2255 577 2295 que
610 2241 738 2283 etiam
765 2239 1098 2294 Zir11‹101·fer0³)‚
1132 2241 1213 2281 nisi
1235 2246 1295 2283 tot
1317 2242 1404 2284 alia
1438 2243 1523 2284 stili
1559 2242 1756 2284 dictionis
1790 2256 1907 2284 oeco-

497 2319 669 2359 nomiae
702 2321 1006 2371 repugnarent,
1056 2317 1240 2359 maxime
1279 2319 1547 2372 perspicuum
1587 2318 1815 2361 videretur.
1849 2344 1904 2348 —-

496 2395 550 2436 Et
580 2395 673 2449 ipse
697 2393 1054 2435 Lachmannus
1088 2392 1193 2434 nihil
1225 2394 1306 2435 nisi
1339 2399 1473 2436 metra
1504 2394 1744 2448 Euripideis
1777 2396 1906 2436 multo

497 2470 719 2512 subtiliora
764 2475 804 2511 et
852 2469 1140 2512 elaboratiora
1186 2471 1429 2524 respexisse
1478 2470 1665 2524 videtur,
1715 2484 1806 2512 cum
1855 2471 1907 2512 de

498 2547 703 2601 Aeschyli
728 2545 937 2600 discipulo
961 2545 1108 2587 eodem
1131 2545 1219 2588 fere
1242 2550 1429 2600 tempore
1462 2559 1556 2587 cum
1591 2546 1732 2602 Eur-ip.
1755 2547 1908 2588 Medea

591 2721 616 2763 ¹)
641 2721 823 2755 vindiciae
849 2731 883 2764 p.
911 2721 1009 2756 CLV
1037 2731 1091 2765 sq.

591 2780 617 2821 ²)
648 2780 703 2815 El.
732 2781 838 2814 Doct.
866 2779 912 2815 M.
941 2790 974 2823 p.
1007 2780 1071 2815 124
1097 2790 1153 2823 sq.
1181 2779 1226 2813 de
1252 2789 1374 2824 graec.
1400 2779 1421 2813 l.
1449 2779 1595 2815 dialect.
1622 2791 1657 2824 p.
1685 2781 1719 2815 X
1745 2782 1780 2813 et
1807 2779 1905 2815 alibi.

592 2839 617 2881 3)
646 2838 727 2873 libri
754 2838 776 2872 l.
804 2848 838 2882 p.
869 2839 947 2873 119.
