2238 3418
1186 290 1473 333 „64-

622 410 820 453 cendisse
853 409 1080 452 admodum
1122 409 1315 450 dubitare
1357 408 1517 449 licebit.
1568 430 1622 436 -
1655 407 1829 449 Miretur
1876 405 2020 449 forsan

623 487 790 540 aliquis,
823 499 888 527 me
922 490 1017 539 post
1049 490 1108 527 tot
1140 489 1367 536 tantasque
1388 483 1575 537 prolatas
1600 484 1782 525 virorum
1806 482 2023 524 doctorum

622 562 856 603 sententias
889 561 1191 614 opinionesque
1222 573 1305 601 non
1337 558 1553 600 invenisse
1589 571 1740 600 nomen
1772 563 1925 612 poetae
1957 559 2024 599 eui

621 637 699 679 hoe
731 650 835 690 opus
867 636 1108 688 tribuerem,
1143 635 1218 676 sed
1251 635 1292 675 in
1326 635 1568 676 universum
1601 634 1725 676 modo
1758 639 1923 689 tempus
1958 635 2024 677 de-

621 713 823 754 finivisse.
878 712 1027 752 Verum
1051 711 1184 752 donee
1207 714 1383 751 externa
1405 711 1649 752 testimonia
1671 711 1891 765 accedent,
1916 724 2024 764 quae

622 793 739 830 certa
770 786 1080 839 manifestaque
1114 785 1385 840 suppeditent
1418 791 1667 840 argumenta
1706 787 1886 828 nominis
1930 800 2025 829 auo-

622 864 722 906 toris
755 862 1002 915 indagandi,
1036 876 1061 902 a
1093 862 1264 903 lubricis
1298 862 1538 915 inanibusq.
1572 863 1824 904 coniecturis
1858 876 2023 904 manum

618 932 878 981 'abstinuisse
912 938 1061 979 melius
1095 938 1214 980 duco.
1247 937 1381 979 -Si
1414 943 1554 979 autem
1590 937 1640 979 de
1671 938 1875 980 dramatis
1907 952 2024 980 oeco-

622 1015 767 1057 nomia
804 1027 1062 1069 prorsusque
1106 1013 1158 1054 de
1204 1013 1443 1056 aestbetiea
1491 1027 1599 1067 quae
1647 1014 1798 1056 dieitur
1853 1018 2026 1056 nostrae

621 1090 793 1132 fabulae
850 1091 1012 1132 ratione
1061 1090 1310 1144 perbrevem
1362 1104 1439 1132 nee
1497 1091 1604 1132 satis
1651 1090 1900 1133 adcuratum
1958 1104 2024 1132 me

619 1166 752 1208 fuisse
785 1166 1043 1220 iudicabunt,
1076 1165 1279 1220 pervelim
1312 1180 1384 1209 eos
1419 1180 1561 1208 seeum
1595 1168 1795 1219 cogitare,
1824 1180 1949 1219 quam
1971 1168 2025 1209 sit

622 1241 790 1283 difficile
822 1242 970 1296 lingua
1001 1242 1136 1283 latina
1169 1242 1220 1282 de
1253 1242 1410 1284 talibus
1445 1243 1675 1297 disputare,
1709 1256 1802 1284 eum
1845 1243 2024 1285 maxime

622 1317 699 1359 hoe
735 1317 974 1360 disserendi
1016 1331 1151 1370 genus
1195 1319 1308 1372 apud
1346 1324 1559 1360 nostrates
1602 1319 1746 1372 vigeat
1784 1319 2024 1373 habeatque

621 1394 823 1436 terminos
856 1407 965 1435 nune
987 1393 1154 1435 demum
1177 1393 1524 1448 philosophorum
1544 1395 1866 1449 criticorumque
1883 1409 2024 1438 reeen-

620 1470 651 1511 ti
682 1482 761 1511 usu
792 1470 987 1512 inventos
1021 1475 1062 1512 et
1093 1470 1303 1524 vulgatos.
