2238 3418
864 365 915 369 .-
987 355 995 380 ί
1071 365 1122 369 --

407 457 462 498 Α.
486 456 559 498 W.
588 457 816 511 Sehlegel:
847 457 958 497 siber
989 456 1173 497 dramat.
1208 456 1358 497 Kunst
1382 472 1424 497 u.
1449 457 1699 499 Litteratur

291 532 328 587 Ι,
360 548 401 588 p.
440 535 544 574 263.-

409 609 530 665 Aug.
571 608 788 650 Matthiae
831 609 876 649 in
919 608 1146 664 Euripidis
1195 608 1376 649 edition.
1419 614 1522 650 toni.
1567 609 1699 663 VIII,

289 701 331 743 p.
365 687 493 727 2-4.

410 762 707 803 Lindemann.
740 775 888 816 progr.
922 775 1124 816 gymnas.
1156 761 1317 802 Zittav.
1354 763 1480 802 1834.

406 838 479 879 Fr.
506 852 547 879 v.
576 837 799 879 Raumer:
834 835 1157 892 Vorlesungen
1190 837 1303 878 iiber
1336 838 1424 879 alte
1449 837 1612 879 Gesch.
1636 838 1699 892 II,

289 915 358 956 ed.
402 913 588 956 secund.
626 928 667 969 p.
713 914 797 954 516
841 926 905 967 sq.
955 917 997 953 et
1037 928 1078 968 p.
1120 914 1203 953 545
1246 914 1341 967 (ubi
1382 913 1498 954 Lud.
1543 914 1699 956 Tiecki

292 992 440 1047 opinio
475 990 670 1042 citatur).

409 1066 459 1108 O.
493 1066 544 1107 F.
580 1064 788 1121 Gruppe:
822 1064 1023 1106 Ariadne
1060 1066 1186 1118 1834,
1220 1080 1315 1121 cap.
1349 1066 1497 1107 VH—
1531 1066 1586 1108 X.

405 1142 649 1194 W⁷eleker,
695 1142 738 1182 in
787 1140 956 1196 Gruppi
1006 1154 1200 1183 censura
1246 1142 1291 1182 in
1343 1142 1511 1184 diurnis
1559 1144 1698 1200 antiq.

294 1221 428 1272 1834,
473 1233 515 1259 n.
553 1219 606 1258 76
646 1232 711 1272 sq.
756 1218 945 1272 repetita
988 1219 1033 1258 in
1069 1218 1338 1273 „tragoediis
1373 1220 1573 1274 graeois“
1609 1219 1698 1274 ΙΠ,

289 1312 329 1353 p.
360 1297 664 1337 1101—1144.

404 1373 478 1414 Fr.
521 1372 663 1414 Vater
702 1373 746 1413 in
789 1372 941 1413 Jahnii
985 1373 1227 1414 annalibus
1270 1371 1338 1414 IV
1381 1374 1524 1430 suppl.
1571 1376 1698 1428 1836,

284 1465 326 1505 p.
362 1452 521 1491 2-—18.
556 1454 619 1491 et:
654 1449 882 1504 Euripidis
917 1449 1097 1491 Rhesus
1131 1463 1231 1491 cum
1266 1449 1446 1492 scholiis
1481 1456 1523 1492 et
1554 1452 1697 1493 vindi-

285 1528 361 1569 eiis
395 1527 668 1582 tragoediae.
731 1526 881 1567 Berol.
919 1528 1044 1567 1837.

408 1603 563 1644 Herm.
589 1603 852 1644 Zirndorfer
877 1604 931 1645 de
956 1604 1254 1660 chronologia
1276 1605 1469 1647 fabular.
1497 1605 1698 1660 Euripid.

284 1679 428 1722 Marb.
466 1682 592 1733 1839,
625 1695 665 1736 p.
703 1682 785 1721 114
821 1694 885 1735 sq.
921 1706 972 1710 ——

405 1757 457 1799 G.
497 1758 703 1799 Dindorf.
747 1758 792 1798 in
834 1758 1003 1799 adnott.
1047 1758 1103 1799 ad
1136 1757 1338 1813 Euripid.
1381 1758 1527 1800 Oxon.
1571 1760 1698 1813 1840,

283 1850 324 1891 p.
359 1836 443 1876 559
479 1849 547 1890 sq.

403 1911 454 1952 O.
488 1910 656 1952 Mfiller
688 1925 754 1966 gr.
789 1910 896 1952 Litt.
931 1910 1093 1952 Gesoh.
1129 1911 1190 1964 II,
1222 1927 1263 1967 p.
1301 1914 1383 1954 179
1417 1912 1549 1953 Anm.
1584 1915 1623 1953 2.

404 1987 688 2043 Hartungius
710 1987 756 2028 in
779 1988 893 2028 libro
922 1988 1114 2029 famoso:
1148 1988 1412 2043 „Euripides
1435 1990 1694 2031 restitutus“

287 2065 413 2116 1844,
446 2063 468 2103 Ι
501 2079 544 2120 p.
575 2065 599 2105 6
630 2078 694 2119 sq.
729 2069 772 2106 et
802 2065 847 2105 in
879 2064 1159 2120 praefatione
1190 2065 1395 2106 editionis
1424 2065 1696 2121 Engelman-

284 2142 463 2183 nianae.
498 2140 618 2196 Lips.
656 2143 781 2183 1852.

406 2217 462 2259 A.
481 2217 741 2261 Kirohhoff:
767 2219 808 2261 d.
834 2224 1070 2276 argument
1093 2234 1192 2261 zum
1208 2219 1389 2262 Rhesus
1412 2220 1566 2276 philol.
1590 2220 1697 2275 VH,

286 2294 439 2349 (1852)
471 2309 513 2350 p.
547 2296 631 2336 559
666 2310 730 2351 sq.

402 2370 713 2428 Spengleriani
745 2372 799 2414 de
821 2372 972 2415 Rheso
999 2374 1356 2429 programmatis,
1386 2374 1542 2415 Daren
1570 2373 1697 2427 1857,

282 2448 392 2488 mihi
429 2449 553 2491 solus
587 2450 745 2490 titulus
789 2463 846 2491 ex
877 2450 1182 2506 Engelmanni
1221 2451 1498 2492 bibliotheca
1538 2452 1695 2507 philol.

283 2528 433 2577 notus,
466 2524 541 2580 qui
570 2525 752 2581 quidem
778 2526 962 2567 libellus
993 2527 1123 2568 etiam
1149 2527 1495 2582 Bernhardyum
1523 2528 1695 2583 fugisse

283 2599 487 2653 videtur,
529 2601 583 2642 de
617 2601 769 2643 Rheso
805 2603 1099 2644 disserentem
1141 2603 1187 2644 in
1219 2604 1323 2645 hist.
1358 2604 1440 2644 litt.
1475 2617 1538 2659 gr.
1573 2603 1636 2657 ΙΙ,
1669 2605 1694 2644 2

285 2676 354 2718 ed.
390 2690 478 2719 sec.
512 2692 553 2734 p.
589 2680 836 2721 434—438.
871 2706 924 2709 —
