2238 3418
1056 319 1350 360 -53—

507 449 585 488 que
618 435 897 490 descriptione
932 435 974 477 in
1009 435 1253 477 universum
1286 435 1610 478 subtilissimum
1643 436 1815 479 exhibet
1851 437 1908 478 iu-

509 511 679 553 dicium.
713 535 769 540 —
802 511 920 560 Quae
953 525 1054 554 vero
1092 511 1145 552 de
1188 511 1364 553 consilio
1402 512 1649 564 tragoediae
1692 513 1908 567 indicavit,

506 584 569 639 (ut
601 587 692 628 eius
725 588 868 629 verbis
904 592 999 629 utar
1045 588 1116 639 „sie
1150 588 1334 640 begniecfte
1367 588 1444 629 eine
1486 587 1585 642 {pute
1620 587 1811 641 &lacbfeier
1847 591 1909 631 ber

505 662 785 715 <Berferfriege¹¹
812 662 839 718 1)
874 663 925 705 de
958 664 1176 717 personis,
1210 663 1253 704 in
1285 663 1438 716 quibus
1472 665 1605 706 multa
1637 664 1692 705 ad
1724 664 1908 707 Orientis

503 751 642 779 mores
685 738 921 792 institutaq.
966 738 1113 781 referri
1153 740 1445 792 barbarosque
1484 741 1526 782 in
1568 739 1754 783 deterius
1802 741 1910 783 verti

504 814 696 868 perhibet
727 819 772 855 ut
804 814 941 856 maius
976 814 1205 856 exsisteret-
1230 814 1487 857 Graecorum
1503 815 1535 870 2)
1567 816 1611 856 in
1643 829 1715 859 eos
1748 815 1911 871 odium3

505 889 547 929 in
581 889 645 931 his
679 903 753 931 cur
786 890 823 932 ei
855 904 938 933 non
972 890 1302 945 adstipulemur‚
1337 892 1554 945 superiore
1586 891 1679 934 loco
1712 891 1911 934 disserui-

504 978 607 1007 mus,
658 965 757 1020 Ipse
789 980 890 1008 vero
923 966 1146 1008 dictionem
1173 967 1397 1020 stilumque
1420 967 1604 1020 undique
1627 968 1862 1009 conlectum
1877 966 1910 1021 ³)

503 1054 638 1094 neque
672 1055 839 1096 semper
870 1043 1036 1096 proprio
1064 1041 1219 1084 iudicio
1243 1043 1502 1095 arbitrioque
1533 1056 1655 1085 usum
1689 1056 1785 1085 esse
1817 1056 1912 1098 poe-

500 1121 583 1158 tam
615 1117 795 1160 libenter
826 1118 1080 1173 concedit4).

619 1194 775 1235 Verum
810 1198 943 1235 totum
978 1208 1083 1248 opus
1117 1208 1213 1236 esse
1244 1195 1404 1236 iudicat
1436 1199 1587 1249 poetae
1620 1194 1909 1238 inferioris

500 1274 640 1322 notae,
674 1270 854 1312 Athenis
888 1271 1109 1324 scriptum,
1143 1271 1184 1312 in
1218 1275 1383 1325 tempus
1416 1284 1516 1313 vero
1550 1271 1793 1312 adcuratius
1826 1284 1910 1313 non

500 1346 737 1399 inquisivit.

617 1421 810 1464 Tandem
841 1426 1110 1464 transeamus
1143 1422 1200 1465 ad
1232 1436 1339 1477 eum,
1373 1424 1442 1476 qui
1475 1422 1528 1463 de
1559 1422 1702 1464 Rheso
1741 1421 1910 1477 amplis-

500 1498 606 1539 sime
640 1503 680 1540 et
703 1498 1032 1552 diligentissime
1056 1499 1302 1553 disputavit,
1326 1500 1563 1540 Vaterum
1587 1498 1694 1552 dico,
1728 1498 1798 1551 qui
1825 1503 1910 1540 tex-

498 1579 585 1615 tum
619 1587 712 1615 cum
748 1574 931 1628 scholiis,
965 1575 1281 1616 commentariis
1316 1580 1357 1617 et
1388 1575 1469 1615 168
1491 1574 1770 1616 vindiciarum
1790 1576 1908 1630 pagi-

498 1650 563 1691 nis
598 1649 743 1692 edidit.
778 1674 834 1678 —
865 1650 1015 1692 Latius
1046 1665 1146 1693 vero
1166 1651 1402 1703 -fusiusque
1436 1664 1529 1692 eum
1563 1650 1746 1691 scribere
1768 1651 1905 1704 quivis

497 1725 726 1780 intelleget,
761 1726 829 1779 qui
861 1725 985 1768 modo
1017 1726 1101 1767 levi
1134 1727 1280 1768 obtutu
1312 1727 1422 1768 hunc
1453 1726 1604 1768 librum
1643 1726 1905 1779 adspexerit.

498 1802 866 1855 Diligentissiinus
900 1806 1040 1843 autem
1073 1801 1151 1843 fuit
1182 1802 1225 1844 in
1258 1802 1545 1845 memorandis
1590 1802 1907 1844 examinandis-

497 1892 576 1931 que
609 1878 932 1932 praeteritorum
966 1880 1241 1933 interpretum
1275 1879 1496 1921 sententiis
1530 1879 1821 1933 opinionibus3
1854 1878 1907 1920 de

496 1953 709 2008 Euripidis
743 1968 844 1996 vero
876 1954 1077 2007 loquendi
1111 1959 1152 1996 et
1184 1955 1464 2009 componendi
1497 1958 1586 1996 arte
1619 1955 1690 1996 ubi
1723 1955 1810 2008 egit
1837 1954 1907 1996 do-

495 2029 680 2083 lendum,
714 2043 808 2071 eum
832 2030 959 2072 Rhesi
994 2031 1099 2072 vitia
1131 2035 1172 2072 et
1205 2043 1313 2083 quae
1344 2043 1519 2084 prorsus
1552 2029 1700 2071 inania
1734 2034 1831 2071 sunt
1862 2030 1904 2071 in

494 2106 740 2147 universum
774 2110 846 2147 aut
877 2120 960 2148 non
994 2106 1154 2147 vidisse.
1189 2110 1259 2147 aut
1292 2111 1404 2148 certe
1436 2106 1580 2148 videre
1614 2105 1816 2147 noluisse.
1850 2129 1906 2133 —

496 2182 547 2223 Et
570 2181 736 2235 quidem
761 2181 876 2224 edita
899 2183 935 2223 ei
960 2180 1211 2235 videtu1·⁵)
1248 2181 1400 2223 fabula
1418 2181 1682 2237 Euthymene
1707 2181 1908 2223 archonte

495 2258 558 2300 Ol.
594 2257 662 2311 85,
695 2258 722 2297 4
755 2258 821 2299 vel
844 2258 1104 2314 Lysimacho
1138 2259 1205 2310 86,
1243 2259 1262 2299 1
1299 2271 1380 2311 quo
1410 2262 1596 2312 tempore
1619 2258 1788 2311 Hagno,
1822 2257 1906 2299 dux

590 2389 615 2426 ¹)
641 2401 676 2434 p.
704 2391 806 2425 1131.

588 2448 614 2489 ²)
641 2459 675 2492 p.
703 2449 793 2483 1133
820 2459 874 2493 sq.
901 2448 975 2484 vid.
1003 2452 1075 2483 not.
1106 2451 1139 2484 4.

588 2507 613 2548 3)
640 2517 674 2550 p.
704 2507 806 2542 1125.

588 2566 613 2605 ⁶)
641 2575 671 2600 e.
698 2576 728 2600 c.
754 2565 800 2599 ad
825 2575 880 2600 VS.
911 2566 974 2601 151
1002 2566 1153 2600 verbum
1188 2564 1384 2611 εὐεργέτης
1411 2566 1659 2601 Welekero
1697 2571 1746 2611 (p.
1786 2567 1904 2609 1132.)

493 2622 731 2657 barbarorum
756 2635 889 2658 morem
916 2624 1077 2659 indicare
1103 2624 1263 2667 videtur,
1305 2625 1407 2658 cuius
1435 2635 1606 2659 caussam
1633 2625 1801 2669 equidem
1834 2635 1906 2659 non

494 2681 679 2726 intellego.
718 2682 759 2716 In
785 2683 866 2716 aliis
894 2683 1128 2726 Euripideum
1146 2683 1353 2728 χαρακτῆρα
1379 2683 1455 2717 sine
1474 2684 1548 2718 ulla
1564 2684 1746 2727 probabili
1765 2693 1900 2718 caussa

493 2748 573 2773 eum
599 2749 745 2774 cernere
772 2740 880 2775 valde
907 2741 1032 2776 miror.

590 2799 613 2839 5)
639 2808 674 2841 p.
702 2798 808 2833 CLX.
