2238 3418
851 319 1137 359 „15—

298 437 475 480 venisse
494 469 504 489 ,
559 437 712 491 ibique
773 435 1119 477 didascaliarum
1170 435 1432 476 testimoniis
1485 435 1707 477 adductos

297 513 606 570 grammaticos
642 525 739 553 eam
770 525 850 566 pro
880 524 988 552 vera
1014 510 1262 565 Euripidea
1291 511 1449 552 fabula
1479 511 1706 552 habuisse.

297 589 487 630 Accedit
519 587 663 644 quod,
701 591 750 628 ut
781 587 901 628 infra
933 586 1209 640 videbimus,
1251 601 1344 628 non
1384 587 1512 628 nulla
1551 588 1708 628 insunt

301 678 417 721 quae
448 664 571 706 hunc
612 664 833 719 tragicum
875 663 1126 704 redoleant.
1169 688 1222 693 —
1265 662 1336 704 Ne
1374 677 1480 705 vero
1520 664 1706 719 cogites,

296 741 516 797 pecuniae
549 740 758 795 cupidine
792 740 1010 796 aliquem,
1043 744 1091 780 ut
1123 740 1242 781 hanc
1275 740 1553 795 tragoediam
1584 754 1705 795 mag-

297 832 354 859 no
396 831 498 859 aere
541 831 621 872 pro
660 816 905 871 Euripidea
947 816 1189 870 venderet,
1234 830 1331 858 eam
1373 817 1707 871 conscripsisse.

299 894 386 942 Qui
419 894 534 935 enim
565 893 675 934 talia
707 894 910 934 facturus
956 898 1073 945 erat,
1123 907 1224 934 eum
1268 894 1409 935 multo
1451 893 1707 935 accuratius

297 970 525 1025 Euripidis
549 974 704 1022 artem,
737 970 904 1022 stilum,
937 970 1265 1011 sententiarum
1289 970 1436 1022 flores,
1458 975 1601 1011 metra
1621 973 1707 1010 tot-

299 1059 385 1101 que
419 1045 505 1086 alia
541 1045 714 1086 minuta
746 1045 942 1104 quidem,
975 1059 1057 1086 nec
1090 1050 1240 1087 tamen
1260 1045 1406 1087 futilia
1427 1045 1473 1086 in
1495 1045 1707 1100 fingendo

297 1121 510 1174 dramate,
531 1121 744 1162 imitando
769 1122 984 1178 consequi
1006 1122 1254 1177 oportebat.
1287 1120 1448 1178 Itaque
1469 1123 1612 1164 hucus
1629 1135 1706 1177 *lue

298 1200 411 1242 nihil
443 1198 734 1240 statuendum
757 1198 844 1239 nisi
867 1199 972 1239 hoc:
1006 1202 1242 1240 veterum
1273 1199 1584 1240 testimonia
1607 1198 1708 1239 n'on

298 1276 552 1333 probant,
590 1274 760 1315 hance
792 1274 1026 1315 Rhesum
1058 1274 1340 1329 Euripidis
1385 1288 1517 1317 esse.
1544 1300 1596 1304 —
1624 1275 1709 1322 Qui

299 1367 404 1396 vero
430 1354 475 1394 in
498 1351 679 1394 scholiis
698 1355 1017 1404 memorantur,
1051 1365 1127 1392 eos
1152 1350 1206 1391 de
1231 1355 1413 1392 auctore
1447 1352 1708 1407 tragoediae

300 1429 553 1484 disputasse
586 1428 716 1468 certis
742 1427 1021 1468 documentis
1043 1427 1218 1468 ostendi
1243 1427 1412 1483 nequit.
1449 1453 1502 1456 —
1530 1427 1710 1469 Scilicet

301 1519 475 1560 semper
522 1503 769 1545 tenendum
814 1503 1053 1544 maximam
1110 1504 1250 1545 fuisse
1291 1503 1710 1546 Alexandrinorum

300 1582 612 1624 auctoritatem
631 1585 674 1621 et
692 1580 904 1636 quamdiu
918 1580 1139 1621 intactum
1156 1579 1298 1635 viguit
1316 1580 1567 1622 Aristarchi
1595 1581 1709 1622 iudi-

301 1658 417 1699 cium
451 1658 639 1712 eiusque
672 1657 799 1712 quasi
832 1656 1077 1709 dlctatura,
1112 1661 1155 1698 et
1186 1657 1349 1711 viguit,
1393 1657 1574 1711 opinor,
1615 1658 1713 1710 alii,

304 1734 506 1790 quamvis
541 1733 798 1774 dubitantes
843 1732 898 1774 de
938 1738 1146 1786 auctore,
1185 1738 1338 1775 tamen
1383 1733 1712 1775 dubitationem

300 1810 450 1865 palam
480 1810 760 1865 proclamare
792 1810 869 1850 vix
889 1809 987 1850 ausi
1008 1809 1109 1850 sint.
1144 1834 1197 1839 —
1231 1808 1286 1850 Id
1311 1810 1434 1866 quod
1459 1811 1590 1851 etiam
1613 1826 1712 1866 pro-

302 1887 410 1927 bare
443 1886 623 1928 videtur
665 1886 766 1927 illos
808 1885 929 1935 ἐνίους
968 1886 1200 1942 aliquanto
1241 1891 1342 1941 post
1385 1887 1625 1929 exstitisse.
1660 1913 1712 1917 —-

420 1963 554 2005 Nunc
586 1977 692 2005 vero
710 1968 1063 2018 perscrutemur,
1098 1965 1278 2020 quinam
1308 1970 1512 2007 veterum
1533 1969 1715 2020 praeter

301 2040 406 2082 illos
436 2044 809 2081 commentatores
825 2046 1023 2082 nostram
1039 2040 1239 2082 Rhesum
1258 2046 1621 2083 commemorent.
1654 2044 1710 2082 Et

304 2116 492 2171 scriptor
519 2116 698 2171 quidem
725 2116 890 2159 Christi
911 2119 1120 2173 patientis
1147 2119 1297 2174 (quem
1319 2119 1586 2175 Gregorium
1604 2119 1713 2161 Naz.

304 2192 443 2234 fuisse
465 2194 642 2247 putant)
663 2194 781 2235 circa
807 2196 861 2235 50
881 2195 1020 2235 nostri
1040 2208 1197 2236 versus
1216 2195 1346 2236 modo
1365 2196 1620 2250 paullulum
1636 2197 1713 2237 im-

303 2273 500 2310 mutatos
521 2270 705 2311 carmini
723 2284 803 2312 suo
821 2270 1033 2313 intexuit.
1069 2271 1175 2313 Joh.
1202 2271 1365 2313 Tzetza
1384 2272 1497 2313 Chil.
1517 2272 1596 2314 IV.
1617 2275 1714 2314 965.

421 2345 599 2388 Deinde
631 2346 891 2403 Hesychius
926 2348 1021 2390 sine
1055 2349 1233 2390 nomine
1266 2363 1356 2389 non
1388 2349 1517 2390 nulla
1547 2349 1717 2391 rariora

304 2421 447 2463 verba
489 2422 710 2464 exhibuit.
782 2423 1050 2466 Afferuntur
1095 2426 1228 2467 etiam
1273 2425 1494 2481 quaedam
1534 2426 1590 2467 ab
1624 2416 1713 2467 Eu-

304 2498 473 2540 stathio
509 2499 564 2540 ad
582 2499 768 2555 Dionys.
801 2501 967 2557 perieg.
998 2503 1098 2554 270,
1129 2501 1276 2556 Etym.
1294 2501 1446 2556 Magn.
1478 2517 1519 2557 p.
1541 2503 1641 2555 439,
1673 2503 1715 2556 3,

307 2573 447 2616 Mario
480 2573 714 2617 Victorino
747 2591 789 2630 p.
823 2578 936 2618 2498
972 2582 1015 2618 et
1048 2576 1241 2619 Stobaeo
1275 2576 1400 2630 LIX,
1433 2580 1472 2618 9.

421 2649 665 2692 Praeterea
697 2653 903 2694 versibus
938 2666 996 2694 ex
1026 2653 1178 2694 Rheso
1209 2666 1299 2694 non
1331 2653 1556 2695 nominato
1589 2653 1715 2695 fonte

304 2726 376 2768 usi
402 2732 509 2769 sunt
538 2726 697 2769 Suidas
722 2743 762 2770 v.
790 2721 894 2784 ἦσαν
927 2734 970 2770 et
995 2728 1193 2770 Zonaras
1224 2743 1267 2784 p.
1307 2729 1432 2770 1009.
