2238 3418
876 307 1168 348 —13-

311 419 382 466 ὅτε
405 420 473 465 τὸν
500 427 545 466 Ρ.
573 422 765 466 ἐδίδασκε.
800 449 852 453 —
887 423 1019 471 Quod
1043 424 1163 466 unde
1191 425 1408 478 hauserit,
1439 440 1546 466 num
1573 426 1723 468 didas-

313 495 527 536 caliarum
565 494 721 535 notitia
762 493 929 535 nitatur
973 498 1017 534 et
1051 494 1105 535 ad
1138 495 1382 549 genuinam
1413 496 1566 550 Eurip.
1599 496 1719 538 Rhe-

312 579 409 605 sum
443 567 613 619 spectet
646 577 807 617 necne,
841 564 895 605 de
929 564 1094 605 talibus
1115 565 1395 607 coniecturas
1430 567 1632 621 proferre
1664 568 1718 608 ab

312 635 428 675 omni
480 634 799 690 probabilitate
852 634 1115 687 destitutas,
1164 635 1327 677 inutile
1367 636 1499 677 duco,
1552 662 1604 666 —
1652 637 1719 677 De

310 704 572 746 Aristarcho
608 705 784 758 deinde,
817 719 923 746 num
945 704 1145 746 Rhesum
1173 705 1376 761 Euripidi
1413 707 1720 762 abnegaverit,

310 789 390 816 nos
434 775 547 816 nihil
604 780 878 830 compertum
920 775 1091 816 habere
1144 776 1230 817 iam
1274 790 1407 832 supra
1453 777 1718 818 monuimus.

308 845 613 887 Nihilominus
640 846 932 887 Hermannus
967 845 1111 887 edicto
1146 851 1249 887 ante
1289 846 1424 888 citato
1462 847 1587 888 nisus
1619 861 1718 902 per-

308 916 371 972 git
389 917 442 970 1);
480 920 686 968 „veteres
712 917 782 957 illi
801 916 953 968 critici,
980 916 1025 956 in
1052 916 1215 971 quibus
1234 917 1319 957 nisi
1341 917 1490 970 fallor,
1522 917 1717 959 Aristar-

309 986 441 1028 chum
473 1000 709 1028 numerare
743 986 921 1028 licebit“
944 1017 1072 1027 .....
1091 987 1124 1040 2)
1168 1000 1253 1038 „ex
1294 1001 1382 1042 quo
1424 988 1720 1042 probabiliter

309 1057 549 1097 conicimus
577 1055 889 1103 Aristarchum
923 1070 1020 1098 eam
1053 1070 1143 1097 non
1176 1057 1419 1112 genuinam
1452 1058 1715 1099 iudicasse.“

308 1126 620 1182 nonnullaque
654 1126 748 1168 eius
780 1126 898 1167 modi
933 1127 1033 1168 alia.

424 1196 494 1238 Ne
516 1197 652 1252 igitur
676 1202 885 1252 putemus
914 1196 1139 1238 Cratetem
1163 1197 1307 1237 solum
1331 1197 1469 1239 fuisse
1495 1197 1570 1253 qui
1602 1198 1718 1240 hanc

308 1270 505 1307 nostram
537 1266 739 1307 Rhesum
770 1281 850 1322 pro
894 1267 1054 1308 fabula
1084 1266 1329 1322 Euripidea
1371 1267 1416 1307 in
1461 1267 1716 1308 didascaliis

308 1335 512 1377 exhibita
542 1336 766 1377 habuerit.
801 1362 854 1366 ——

424 1406 525 1447 Jam
557 1420 663 1448 vero
699 1406 891 1448 difficilis
930 1408 1069 1448 oritur
1104 1408 1322 1462 quaestiO.

422 1477 577 1532 Pergit
610 1478 726 1518 enim
758 1477 1012 1532 argumenti
1045 1477 1253 1532 scriptor:

422 1546 620 1602 Πρόλογοι
665 1547 708 1589 δὲ
754 1546 883 1590 διττοὶ
928 1548 1127 1603 φέρονται.
1175 1542 1194 1589 ὃ
1242 1550 1333 1602 γοῦν
1371 1547 1529 1589 δικαίαν
1576 1549 1715 1602 (recte

302 1617 344 1658 N
350 1618 539 1659 auckius
589 1617 844 1673 Δικαίαρχος)
899 1615 1076 1667 durmaig
1125 1614 1198 1672 τὴν
1244 1615 1433 1660 ὕπόῖῑεσιν
1474 1614 1544 1659 τοῦ
1584 1615 1715 1672 Ρήσου

301 1685 444 1742 γράφει
489 1686 601 1729 κατὰ
644 1687 747 1738 λέξιν
795 1684 932 1737 οὕτως.
979 1687 1059 1730 νῦν
1106 1686 1380 1742 εὐσέληνον
1436 1689 1633 1743 φέγγος
1687 1683 1713 1742 ἡ

302 1757 637 1813 διφρήλατος.
670 1759 708 1800 έν
741 1758 854 1807 ἐνίοις
885 1760 930 1800 δέ
949 1761 1026 1800 τῶν
1043 1757 1298 1814 ἀντιγράφων
1325 1756 1460 1813 ἔτερος
1476 1772 1537 1807 τις
1554 1759 1716 1813 φέρεται

302 1826 503 1882 πρόλογος,
535 1824 652 1878 πεζὸς
684 1828 786 1870 πάνυ
817 1827 887 1870 καὶ
919 1827 962 1870 οὐ
990 1831 1151 1884 πρέπων
1182 1827 1391 1883 Εὐριπίδῃ.
1425 1826 1496 1869 καὶ
1527 1827 1640 1881 τάχα
1666 1827 1714 1870 ἄν

299 1912 403 1946 τινες
434 1901 514 1941 τῶν
544 1895 765 1954 ὑποκριτῶν
799 1899 1103 1948 διεσκευακὸτες
1134 1896 1208 1941 εἷεν
1233 1899 1365 1940 αὐτόν.
1391 1897 1473 1952 ἔχει
1495 1897 1537 1939 δὲ
1569 1895 1712 1947 οὕτωςι

511 1962 568 2021 „03
599 1967 668 2012 τοῦ
701 1970 889 2025 μεγίστου
921 1967 1049 2025 Ζηνὸς
1086 1967 1255 2025 ἄλκιμον
1298 1970 1415 2018 τέκος

510 2041 697 2094 Παλλάς,
744 2039 940 2096 παρῶμεν·
979 2039 1051 2083 οὐκ
1091 2039 1209 2096 ἐχρῆν
1239 2036 1351 2095 ἡμᾶς
1382 2038 1443 2080 ἔτι

509 2112 661 2164 μέλλειν
686 2109 863 2166 Ἀχαιῶν
896 2110 1056 2167 ὠφελεῖν
1085 2110 1386 2166 στρατεύματα.

509 2178 574 2222 νῦν
604 2177 680 2236 γὰρ
703 2180 842 2231 κακῶς
872 2180 1109 2237 πράσσουσιν
1142 2183 1181 2224 ἐν
1219 2180 1336 2236 μάχῃ
1369 2179 1483 2235 δορός

508 2250 635 2306 λόγχῃ
674 2252 814 2304 βιαίως
841 2248 1045 2307 ΓΈκτορος
1075 2256 1209 2307 στροβ·
1243 2250 1399 2306 ου’μενοι

509 2321 598 2377 ε’μοί
628 2321 706 2377 γὰρ
743 2321 852 2365 οὐδὲν
884 2321 990 2366 ἔστιν
1030 2322 1182 2378 ἀλγέων
1221 2320 1320 2371 ἄκος

507 2391 549 2443 ἐξ
582 2385 626 2434 οὗ
657 2390 687 2434 τ’
696 2391 820 2449 ἔκρινε
853 2392 1008 2449 Κύπριν
1034 2393 1295 2449 Ἀλέξανδρος
1324 2393 1428 2438 ῗῑεάν

506 2463 645 2507 κάλλει
686 2463 873 2520 προήκειν
920 2464 996 2522 τῆς
1038 2465 1138 2521 ἐμῦς
1168 2464 1396 2522 εὐμορφίας,

506 2532 577 2575 καί
609 2533 692 2589 σῆς,
718 2533 897 2588 Ἀῗῖάνῳ
931 2535 1132 2591 φιλτάτης
1171 2535 1258 2591 ἐμοὶ
1288 2534 1392 2579 ᾖεῶν

505 2603 538 2645 εἰ
575 2603 631 2660 μὴ
663 2610 997 2662 κατασκαφεῖσαν
1023 2603 1178 2662 ἕψομαι
1203 2604 1315 2648 πόλιν

506 2674 689 2730 Πριάμου
721 2675 791 2733 βίᾳ
819 2674 1018 2732 πρόρριζον
1050 2677 1396 2733 ἐκτετριμμένην.“
1429 2701 1483 2707 —

391 2785 417 2829 ¹)
442 2796 478 2831 p.
506 2785 578 2822 267
619 2804 660 2810 Μ
690 2785 717 2828 2)
742 2797 778 2831 p.
803 2789 886 2823 279.
