2238 3418
815 322 1106 364 *53-

262 452 414 492 gerare
447 443 586 493 atque,
619 444 663 480 ut
695 439 867 480 tandem
894 439 1108 494 Euripidis
1141 454 1293 481 nomen
1325 441 1376 481 ab
1410 441 1489 482 hac
1520 441 1666 483 fabula

261 519 502 566 removeat,
545 514 747 556 nonnulla
780 515 891 557 iusto
925 516 1063 556 acrius
1097 516 1335 569 improbare
1368 516 1577 559 videmus.
1611 540 1664 545 -

261 590 454 632 Ceterum
504 590 539 631 is
590 590 817 645 praecipue
866 591 1133 633 inferioribus
1183 605 1333 632 ansam
1382 591 1496 633 dedit
1541 592 1664 633 huius

258 666 521 718 quaestionis
565 666 702 708 denuo
746 667 1060 709 retractandae.
1109 691 1160 696 --
1195 668 1242 708 In
1290 669 1450 709 incerto
1497 667 1663 720 quidem

259 741 430 794 reliquit
461 742 556 795 quis
590 742 645 784 sit
677 747 837 796 auctor,
872 743 913 784 in
948 744 1190 784 universum
1214 748 1352 785 autem
1377 757 1459 785 non
1483 743 1664 797 Sophoc-

255 817 309 858 lis
341 821 518 871 tantum,
549 818 625 860 sed
647 819 774 860 etiam
799 818 1012 874 Euripidis
1032 819 1203 872 ingenio
1226 819 1444 871 indignum
1469 832 1564 860 esse
1586 819 1664 860 hoc

259 892 408 934 drama
439 893 656 936 iudicavit.

374 968 534 1010 Eadem
567 970 653 1012 fere
687 975 728 1012 et
761 971 937 1012 Beckii
971 970 1183 1011 sententia
1215 975 1305 1011 erat
1336 971 1363 1012 l.
1396 970 1422 1011 l.

374 1045 515 1088 Carol.
540 1046 824 1088 Morstadti
858 1046 1042 1106 libellum
1076 1059 1204 1100 supra
1236 1045 1453 1087 laudatum
1480 1045 1582 1086 mihi
1605 1045 1664 1086 in-

258 1109 539 1176 spicere'non
571 1121 747 1163 licuisse
780 1135 908 1176 aegre
940 1122 1043 1165 fero.
1088 1122 1242 1163 Verum
1274 1135 1326 1163 ex
1358 1122 1512 1163 Vatero
1536 1122 1663 1175 Grup-

256 1196 325 1251 pio
357 1197 539 1251 aliisque
570 1198 790 1251 intellego,
834 1212 930 1239 eum
963 1212 1014 1239 ex
1047 1197 1321 1249 aestheticis,
1366 1211 1471 1250 quas
1505 1197 1662 1249 dicunt,

255 1273 489 1314 rationibus
522 1273 710 1315 fabulam
734 1274 1005 1325 aestimasse,
1039 1278 1165 1326 atque
1188 1274 1380 1327 inprimis
1405 1272 1661 1326 ostendisse,

255 1360 383 1400 quam
414 1349 545 1390 multa
586 1350 819 1403 langueant
850 1350 893 1391 in
926 1350 1197 1402 oeconomia,
1242 1363 1368 1402 quam
1410 1349 1465 1390 sit
1496 1348 1662 1389 infirma

255 1436 531 1478 personarum
564 1425 806 1479 descriptio.
840 1448 895 1454 —
928 1426 1085 1466 Auctor
1117 1426 1153 1466 ei
1187 1424 1353 1466 videtur
1374 1423 1660 1465 Alexandriae

256 1501 334 1541 sub
367 1502 514 1554 primis
548 1501 883 1543 Ptolemaeorum
916 1501 1090 1554 vixisse,
1123 1501 1166 1542 id
1199 1500 1310 1553 quod
1344 1499 1513 1542 Godofr.
1537 1500 1660 1541 Her-

254 1589 474 1618 mannus
508 1577 549 1618 in
583 1578 884 1619 dissertatione
917 1576 969 1618 de
992 1576 1068 1618 Rh.
1103 1577 1366 1630 argumentis
1399 1576 1582 1617 maxime
1607 1589 1659 1617 ex

225 1692 226 1695 ,
254 1651 449 1694 dictionis
474 1658 516 1694 et
539 1653 623 1695 stili
649 1654 882 1695 rationibus
905 1654 1048 1707 petitis
1066 1653 1281 1694 illustrare
1304 1657 1478 1694 conatus
1502 1655 1580 1693 est.
1604 1674 1657 1679 —

253 1728 306 1768 Et
337 1727 448 1769 hunc
470 1729 639 1781 quidem
661 1729 867 1771 nonnulla
889 1730 1089 1770 temerius
1117 1742 1243 1781 quam
1266 1727 1528 1783 probabilius
1551 1727 1660 1779 egis—

254 1815 299 1844 se
331 1805 419 1845 iam
454 1817 583 1858 saepe
629 1804 1024 1847 demonstravimus.
1069 1827 1124 1833 ——
1170 1805 1277 1845 Prae
1320 1804 1472 1845 ceteris
1516 1806 1657 1844 autem

252 1878 664 1934 reprehendendum,
698 1894 790 1921 eum
827 1885 868 1921 ut
900 1882 1038 1922 maior
1071 1876 1180 1930 ἅπαξ
1209 1878 1428 1933 λεγομένων
1460 1891 1657 1919 numerus

250 1955 465 2007 evaderet,
500 1956 672 2010 saepius
705 1957 951 1998 coniectura
983 1957 1096 1999 locos
1129 1957 1258 2010 plane
1292 1970 1421 1997 sanos
1454 1959 1658 2007 mutasse,

252 2031 304 2073 de
335 2026 486 2084 ἤλυῖῖον
517 2045 617 2073 vero
649 2031 787 2073 forma
818 2033 860 2074 in
903 2033 1092 2075 trimetro
1135 2036 1353 2085 agentem,
1385 2029 1657 2085 Neophronis

250 2120 304 2149 ex
318 2107 472 2149 Medea
492 2108 629 2149 locum
652 2121 734 2150 non
757 2108 935 2150 vidisse.
968 2109 1123 2150 Verum
1143 2113 1239 2163 post
1258 2105 1476 2162 Vatcri1)
1499 2105 1658 2159 longis-

251 2183 401 2225 simam
434 2184 475 2224 in
511 2184 635 2225 tertia
666 2183 946 2226 vindiciarum
973 2187 1094 2239 parte
1130 2184 1209 2239 „de
1232 2183 1465 2225 Hermanni
1488 2182 1656 2224 rationi-

251 2258 356 2301 bus“
402 2259 746 2302 dissertationem
779 2259 866 2301 fere
899 2259 1003 2302 nihil
1035 2260 1132 2302 novi
1167 2259 1268 2301 addi
1310 2263 1463 2314 potest.
1503 2283 1560 2288 —
1594 2260 1657 2299 De

249 2339 437 2390 tempore
470 2339 611 2378 autem
633 2349 741 2389 quae
767 2336 975 2391 statuerit,
1009 2335 1203 2389 equidem
1226 2335 1295 2389 qui
1319 2336 1562 2378 Hermanno
1585 2335 1656 2377 ad-

249 2411 474 2465 stipulatus
509 2412 564 2453 sit
595 2411 807 2454 neminem
833 2413 930 2455 novi
955 2416 1126 2467 praeter
1146 2411 1498 2464 Lindemannum,
1533 2425 1655 2464 quem

248 2485 353 2528 nihil
385 2487 484 2529 novi
518 2487 716 2529 attulisse
748 2487 831 2529 iam
864 2502 916 2530 ex
949 2501 998 2530 eo
1031 2488 1222 2541 conligas
1256 2500 1364 2540 quae
1393 2500 1490 2541 pag.
1527 2487 1578 2528 16
1610 2488 1656 2528 Ιί-

248 2562 348 2604 belli
381 2575 510 2616 supra
544 2563 662 2604 citati
675 2561 706 2618 ²)
741 2563 894 2606 fundit:
931 2564 1028 2617 „qui
1060 2563 1157 2605 illas
1188 2563 1376 2605 rationes
1409 2576 1515 2616 quas
1548 2563 1653 2604 Her-

248 2651 428 2680 mannus
461 2637 514 2680 de
557 2640 705 2681 seriori
748 2644 888 2682 aetate
920 2639 1051 2681 Rhesi
1093 2638 1230 2692 deque
1274 2643 1423 2694 aperta
1464 2643 1654 2681 veterum

340 2754 367 2797 ¹)
395 2754 511 2788 Vater
535 2753 692 2790 vindice.
717 2765 754 2799 p.
782 2754 896 2791 CXV.

340 2811 367 2854 2)
393 2821 623 2856 programma
653 2812 906 2848 zwikaviense
934 2813 1036 2848 1834.
