2238 3418
827 318 1116 359 -59—

270 434 592 476 Atheniensium
619 434 885 489 Amphipolin
917 435 1105 477 condidit
1136 441 1177 478 et
1198 437 1327 479 Rhesi
1360 451 1461 479 ossa
1484 438 1539 480 ad
1563 439 1676 493 Stry-

273 524 439 553 monem
472 510 661 553 condidit
692 511 811 552 iussu
844 511 1017 565 oraculi,
1051 511 1102 554 de
1135 526 1216 566 quo
1243 512 1449 555 videndus
1474 515 1676 567 Polyaen.

274 590 313 642 6,
355 587 425 630 53.
471 611 524 616 —
557 586 679 636 Quod
722 587 890 640 quidem
932 587 1091 629 factum
1138 589 1350 643 respicere
1399 590 1436 631 ei
1482 589 1677 631 videntur

275 665 491 707 Minervae
523 665 658 707 verba
700 665 783 705 962
826 677 888 717 sq.
932 688 988 692 —
1020 665 1173 706 Verum
1207 679 1259 707 ne
1291 665 1383 718 quis
1417 665 1603 708 offendat
1634 666 1676 706 in

272 741 456 783 Cratetis
501 740 662 794 edicto,
708 740 951 794 Euripidem
994 739 1077 781 νέον
1120 736 1219 782 ὅντα
1257 746 1445 783 nostram
1487 741 1676 783 fabulam

272 816 523 871 scripsisse,
563 817 745 858 Vaterus
789 828 881 856 eum
922 820 994 857 aut
1030 816 1169 858 laxius
1208 818 1393 859 locutum
1436 830 1531 858 esse
1574 817 1678 858 dicit

271 892 386 946 (cum
418 892 546 934 etiam
579 892 631 934 de
665 892 992 945 quadragesimo
1026 906 1136 934 anno
1169 891 1254 939 νέος
1285 892 1368 934 dici
1400 907 1483 934 non
1524 894 1577 935 sit
1609 893 1677 934 ab·

272 968 482 1023 surduml)
516 973 589 1011 aut
623 967 828 1011 similibus
863 968 1037 1009 duorum
1072 968 1317 1010 archontum
1346 969 1585 1010 nominibus
1610 968 1677 1010 de-

271 1049 451 1099 ceptum,
485 1045 721 1100 Lysicratis
741 1043 770 1098 ¹)
804 1044 868 1087 Ol.
902 1046 970 1098 81,
1004 1044 1031 1084 4
1064 1049 1105 1086 et
1136 1044 1385 1099 Lysimachi
1418 1046 1492 1099 86,
1530 1046 1546 1085 1
1583 1058 1677 1086 eum

269 1120 382 1163 falsa
413 1121 659 1164 tradidisse.
694 1144 748 1149 —
782 1120 905 1162 Talia
937 1134 1038 1162 vero
1072 1134 1122 1162 ne
1156 1121 1371 1162 minimam
1404 1120 1572 1174 quidem
1604 1121 1674 1163 ha-

269 1198 370 1239 bere
402 1198 490 1240 veri
525 1198 711 1252 speciem
744 1196 881 1249 quivis
915 1197 1005 1251 ipse
1038 1196 1263 1250 intellegat
1293 1210 1471 1239 necesse
1510 1201 1588 1239 est.
1622 1221 1676 1226 —

268 1273 400 1315 Rhesi
433 1279 574 1316 autem
618 1273 841 1315 dictionem
890 1277 1111 1326 tantopere
1160 1272 1387 1315 abhorrere
1436 1287 1461 1314 a
1507 1273 1677 1315 dicendi

269 1362 426 1403 genere
458 1350 501 1391 in
534 1349 752 1392 Alcestide
786 1347 869 1403 (Ol.
904 1349 971 1402 85,
1007 1347 1050 1403 Q)
1084 1353 1126 1390 et
1156 1349 1199 1390 in
1222 1348 1375 1390 Medea
1408 1347 1494 1403 (87,
1532 1348 1575 1402 1)
1610 1362 1677 1390 ex-

268 1425 421 1479 hibito,
454 1426 565 1467 iusto
590 1427 678 1468 iure
711 1426 794 1467 iam
822 1425 870 1466 G.
902 1423 1248 1480 Dindorfius2)
1274 1425 1446 1467 monuit.
1494 1424 1677 1467 Maxime

267 1515 380 1554 vero,
414 1502 608 1544 omnibus
643 1502 925 1545 consideratis
958 1501 1297 1554 examinatisque
1331 1514 1438 1554 quae
1472 1501 1523 1542 de
1546 1500 1676 1542 Rhesi

273 1581 364 1619 arte
396 1582 438 1619 et
469 1579 713 1621 oeconomia
746 1578 965 1631 disseruit,
998 1578 1091 1620 luce
1124 1578 1281 1620 clarius
1315 1577 1551 1632 apparebit,
1585 1589 1679 1618 eum

271 1652 384 1695 salsa
415 1653 503 1696 fere
530 1655 686 1707 ubique
707 1654 782 1695 niti
806 1655 984 1696 ratione.
1020 1678 1073 1682 —
1095 1653 1284 1702 Quorum
1305 1654 1510 1695 nonnulla
1533 1652 1679 1694 affere-

270 1743 363 1772 mus
397 1732 603 1785 exempla.
629 1755 682 1759 —
715 1729 873 1779 Quodsi
896 1730 1100 1784 priores
1123 1730 1338 1784 Euripidis
1363 1729 1531 1771 fabulas
1552 1729 1679 1770 serio-

269 1807 386 1848 ribus
420 1806 610 1848 eiusdem
642 1811 794 1862 poetae
825 1811 1106 1861 praestare
1140 1804 1290 1856 dieitss)
1324 1805 1404 1846 hoc
1438 1805 1492 1846 ad
1542 1804 1678 1846 solam

268 1882 488 1925 metricam
521 1883 727 1925 rationem
763 1887 955 1937 spectare
998 1895 1126 1936 posse
1170 1895 1254 1923 non
1295 1886 1362 1922 est
1408 1894 1480 1922 cur
1524 1882 1677 1923 iterum

269 1958 474 2002 dicamus.
513 1961 678 2002 Etenim
695 1960 958 2002 Phoenissas
977 1959 1327 2013 Iphigeniamque
1350 1958 1557 1999 tauricam
1577 1972 1678 2000 non-

267 2036 394 2077 nullis
438 2041 566 2077 antea
609 2036 777 2090 scriptis
822 2036 1158 2090 praestantiores
1208 2048 1305 2076 esse
1349 2034 1466 2075 multi
1510 2048 1676 2076 mecum

266 2112 581 2166 profitebuntur.
617 2136 670 2140 —
704 2113 804 2154 Sine
831 2111 1040 2166 prologo
1059 2109 1090 2165 4)
1128 2114 1269 2152 autem
1291 2123 1492 2163 umquam
1512 2110 1675 2164 Euripi-

267 2187 333 2230 dis
364 2187 552 2230 fabulam
598 2192 739 2230 actam
781 2201 878 2230 esse
922 2187 1022 2229 mihi
1062 2186 1321 2241 persuadere
1362 2199 1446 2227 non
1487 2198 1675 2240 possum.

264 2264 331 2305 Ne
377 2277 478 2306 vero
524 2278 618 2306 cum
650 2265 809 2306 Vatero
857 2264 1099 2306 testimonio
1145 2267 1314 2305 utamur
1359 2257 1506 2304 nostra
1537 2262 1674 2316 Iphig.

264 2338 512 2382 Aulidensis
554 2341 804 2382 recensione
837 2340 878 2382 in
914 2353 996 2393 qua
1031 2340 1163 2381 multa
1194 2339 1426 2381 incertiora
1467 2351 1592 2391 quam
1634 2342 1679 2380 ut

264 2413 318 2456 de
349 2414 402 2456 iis
426 2415 529 2457 certi
562 2415 789 2469 quicquam
811 2417 941 2458 statui
963 2415 1114 2470 possit.
1133 2440 1186 2444 ——-
1203 2416 1257 2457 Et
1278 2414 1405 2457 valde
1429 2418 1541 2456 errat
1563 2414 1675 2456 idem

357 2629 385 2673 ¹)
410 2629 433 2664 l.
460 2629 482 2665 l.
509 2630 661 2666 CLXII.

357 2688 383 2730 ²)
409 2698 443 2732 p.
470 2689 539 2723 586
564 2692 638 2724 not.

354 2746 382 2789 3)
408 2757 444 2790 p.
471 2746 585 2782 XLV.

356 2805 382 2847 ⁴¹)
408 2815 447 2849 p.
471 2804 611 2841 LXIII.
