2238 3418
1051 353 1338 392 -12—

607 466 856 508 Hermanni
885 467 1022 521 igitur
1055 468 1277 509 sententia
1318 468 1385 508 his
1434 468 1701 509 scholiastae
1742 468 1892 509 verbis

489 542 660 582 nititur:
696 542 750 582 ad
783 557 846 582 vs.
882 544 984 582 524:
1019 545 1162 596 πρῶτα
1192 541 1329 584 δύεται
1360 547 1507 598 σημεῖα
1537 546 1615 584 κτλ
1633 576 1752 584 .....
1777 543 1889 598 Κροί-

487 631 562 671 της
594 615 744 671 ἀγνοεῖν
776 615 873 671 φησί
903 615 972 659 τὸν
1002 615 1218 672 Εὐριπίδην
1263 615 1337 672 τὴν
1369 618 1456 673 περὶ
1486 617 1540 660 τὰ
1571 620 1752 674 μετέωρα
1783 622 1886 661 esec.)-

491 692 589 747 ρίαν,
623 689 689 734 διὰ
720 691 767 734 τὸ
795 695 878 734 νέον
926 691 986 734 ἔτι
1030 689 1129 734 εἶναι
1173 692 1240 735 ὅτε
1286 693 1356 736 τὸν
1405 690 1553 749 Ῥῆσον
1598 696 1789 737 ἐδίδασκε.
1838 722 1891 725 -

487 776 529 811 et
584 770 737 825 paullo
794 770 911 810 infra
971 769 1186 823 legimus:
1256 770 1587 812 Parmeniscum
1651 785 1750 812 eum
1808 774 1887 813 im-

485 859 729 901 pugnasse,
761 846 857 886 iure
892 845 1239 886 contendentem
1281 859 1371 886 non
1409 860 1597 901 peccare
1631 848 1888 903 Euripidem

487 922 532 962 in
573 922 884 976 astrologiam,
935 922 1095 976 quippe
1149 922 1251 976 quia
1294 922 1422 962 modo
1469 929 1588 963 recte
1633 924 1890 978 iungantur,

490 998 607 1039 bene
653 1011 698 1038 se
736 998 934 1038 habeant
976 1002 1135 1051 poetae
1182 998 1336 1038 verba.
1372 1023 1423 1026 —
1457 998 1664 1040 Profecto
1712 1000 1890 1055 quidem

491 1087 660 1125 omnes,
694 1074 862 1128 opinor,
894 1073 1178 1114 Parmenisco
1207 1074 1530 1114 adsentientur.
1594 1074 1718 1121 Quae
1752 1077 1890 1117 verba

489 1148 749 1190 Godofredo
784 1164 937 1190 ansam
972 1149 1211 1201 dederunt,
1243 1150 1384 1190 multa
1405 1164 1485 1190 nec
1517 1164 1567 1191 ea
1597 1151 1807 1192 benivola
1836 1152 1889 1193 de

487 1224 668 1266 Cratete
704 1225 950 1265 effundere.
986 1250 1038 1254 ——

602 1300 832 1341 Audacter
876 1301 991 1341 enim
1035 1301 1211 1352 statuit,
1254 1300 1637 1355 Parmeniscum¹)
1686 1302 1888 1344 Aristar-

487 1377 668 1428 cheum,
711 1377 782 1417 vel
814 1377 961 1431 potius
994 1376 1306 1418 Aristarchum
1337 1377 1502 1431 ipsum,
1550 1379 1791 1419 acutissimi
1823 1380 1886 1420 iu-

487 1453 587 1495 dicii
621 1454 778 1505 virum,
813 1458 855 1494 et
888 1453 1053 1494 vidisse
1087 1458 1128 1494 et
1163 1453 1349 1504 dixisse,
1395 1454 1515 1508 quod
1548 1464 1641 1495 tum
1675 1457 1886 1510 temporis

487 1530 680 1570 dixerint
714 1538 755 1569 et
788 1529 981 1569 viderint
1015 1539 1186 1570 tantum
1219 1544 1307 1570 non
1343 1544 1518 1581 omnes,
1559 1532 1716 1572 mirum
1751 1547 1888 1587 quan-

488 1611 580 1646 tum
612 1606 728 1646 inter
757 1605 985 1660 Euripidis
1019 1605 1198 1647 fabulas
1233 1610 1274 1647 et
1307 1606 1449 1647 hance
1477 1606 1676 1647 Rhesum
1706 1608 1890 1649 diversi-

486 1683 589 1723 tatis
607 1682 899 1722 intercedere.
933 1681 1156 1722 Cratetem
1187 1695 1310 1733 verO,
1345 1683 1419 1737 qui
1452 1684 1618 1738 ubique
1654 1684 1890 1725 dissentire

490 1759 544 1800 ab
579 1757 842 1798 Aristarcho
878 1761 1160 1809 consuesset,
1202 1757 1286 1798 hac
1327 1773 1506 1813 quoque
1544 1760 1589 1800 111
1632 1773 1679 1800 re
1720 1761 1757 1801 ei
1793 1775 1891 1801 esse

488 1835 790 1886 adversatum,
814 1834 951 1888 magis
984 1834 1173 1875 fortasse
1201 1840 1246 1874 ut
1266 1835 1590 1890 obloqueretur
1609 1850 1741 1891 quam
1771 1836 1891 1892 quod

489 1925 577 1951 non
609 1911 702 1965 ipse
737 1923 914 1964 quoque
937 1910 1226 1963 intellegeret
1253 1912 1504 1964 probabilia
1533 1926 1632 1952 eum
1659 1913 1805 1953 dicere
1837 1938 1889 1941 ——

487 1992 579 2027 tum
613 2001 712 2027 cum
745 2000 911 2041 negare
933 1985 1339 2028 manifestissimam
1371 1988 1772 2029 dissimilitudinem
1801 2002 1891 2029 non

488 2068 658 2118 posset,
698 2067 745 2102 ut
789 2062 983 2116 aliquam
1015 2066 1163 2102 tamen
1202 2063 1296 2103 veri
1330 2064 1523 2117 speciem
1555 2064 1889 2118 praetenderet,

489 2139 543 2181 ad
574 2139 856 2193 ingeniosum
895 2142 1192 2179 commentum
1235 2139 1513 2194 confugisse,
1557 2141 1690 2180 aetati
1732 2145 1890 2195 poetae

487 2216 610 2256 illam
637 2215 981 2269 discrepantiam
1008 2214 1315 2269 imputantem.
1379 2215 1517 2271 Atqui
1542 2216 1674 2257 huius
1700 2217 1765 2257 rei
1791 2217 1896 2257 nul-·

487 2293 580 2332 lum
618 2292 664 2332 in
705 2292 883 2333 scholiis
917 2294 1033 2333 inest
1065 2292 1321 2346 vestigium,
1363 2292 1445 2332 nisi
1479 2291 1701 2333 Cratetem
1734 2293 1889 2333 vitium

487 2369 531 2408 in
566 2368 715 2409 verbis
749 2368 822 2408 vel
854 2369 1002 2422 potius
1035 2369 1079 2408 in
1116 2368 1345 2423 signorum
1375 2368 1677 2422 descriptione
1711 2369 1890 2421 vidisse,

488 2444 563 2484 ubi
591 2444 663 2484 alii
687 2444 840 2484 vitium
863 2458 952 2484 non
981 2449 1278 2498 agnoverunt,
1310 2448 1351 2485 et
1376 2444 1472 2485 iure
1501 2444 1692 2498 quidem,
1727 2446 1889 2500 quippe

489 2520 608 2574 quod
640 2534 822 2574 prorsus
856 2533 946 2560 non
981 2525 1140 2560 exstet.

604 2596 734 2643 Quod
766 2596 943 2648 vitium,
981 2596 1157 2637 mininie
1202 2610 1328 2647 vero,
1371 2600 1417 2636 ut
1450 2596 1549 2636 vult
1583 2595 1889 2648 Godofredus,

486 2672 889 2713 manifestissimam
935 2672 1053 2713 inter
1100 2672 1300 2712 Rhesum
1345 2681 1386 2711 et
1432 2672 1656 2726 Euripidis
1711 2672 1887 2712 fabulas

489 2749 827 2802 discrepantiam
847 2748 1000 2789 Crates
1036 2762 1254 2789 excusare
1288 2748 1457 2789 studuit
1491 2748 1688 2789 addens:
1723 2748 1807 2797 νέος
1836 2743 1889 2789 ὄν

584 2860 608 2901 ¹)
634 2870 668 2902 p.
701 2860 767 2894 ⁶272
797 2869 849 2904 sq.
