2238 3418
1077 312 1135 319 ..-
1198 286 1371 328 36-

580 419 643 447 vs.
680 406 776 446 712.
812 401 1041 457 ρακόδυτος.
1076 403 1150 445 sed
1187 401 1412 457 ῥἀκοδύτης
1445 403 1558 458 apud
1591 402 1885 458 Chrysostom.

679 481 776 521 716.
809 476 1104 534 ψαφαρόχρους.

677 556 774 598 744.
806 551 1061 602 τολοπεύσας.
1093 555 1307 597 homerica
1354 568 1436 596 vox
1471 554 1546 596 sed
1593 554 1744 606 Agam.
1796 555 1925 595 1036:

904 626 1188 671 ἐκτολυπεύειν.

674 706 771 750 761.
806 703 997 757 ἀβούλως.
1046 700 1118 747 ἀπ.
1167 712 1244 760 trg.
1280 706 1438 749 Herod.
1473 706 1512 760 3,
1564 709 1628 748 71.
1674 721 1818 750 verum
1861 706 1928 747 ad·

903 784 1001 825 ieet.
1035 778 1203 834 ἄβουλος
1235 783 1303 826 So.
1337 782 1468 824 trach.
1513 783 1604 823 131.

680 859 776 901 788.
811 856 971 913 ἐξώρμα
1002 858 1137 913 φόβος.

674 935 771 976 814.
807 929 1024 987 ἅπληκτος.
1063 934 1273 975 Plutarch.
1309 935 1458 975 moral.
1494 939 1534 975 et
1567 934 1850 988 Theophrast.

676 1010 774 1051 828.
807 1005 888 1050 ἄνα
936 1011 975 1051 in
1018 1009 1108 1051 sola
1157 1010 1325 1051 deorum
1375 1002 1700 1063 compellatione
1749 1009 1927 1064 ponitur.

907 1085 1013 1138 (vid.
1032 1085 1203 1127 Ellendt
1235 1086 1316 1127 lex.
1353 1084 1470 1140 soph.
1507 1086 1583 1127 sub
1603 1084 1753 1138 verbo)
1787 1089 1932 1127 noster

906 1175 1004 1204 vero
1043 1162 1223 1205 Chorum
1265 1161 1325 1202 ita
1363 1161 1586 1203 Hectorem
1633 1161 1929 1213 adloquentem

903 1237 1014 1279 facit.
1038 1237 1255 1291 (Ceterum
1282 1236 1421 1279 Godfr.
1448 1237 1500 1278 H.
1530 1237 1616 1291 legi
1640 1237 1741 1278 vult.
1766 1228 1924 1290 ὦναξ.)

672 1314 721 1353 87
732 1314 771 1356 5.
807 1311 862 1361 εἰς
892 1312 938 1354 σε’
961 1310 1133 1354 τείνεται
1165 1312 1306 1367 (quem
1332 1312 1466 1354 locum
1488 1313 1666 1354 Vaterus
1686 1317 1727 1353 et
1745 1313 1929 1354 Hartun-

903 1390 998 1443 gius
1030 1389 1373 1444 proscripserunt
1407 1389 1639 1430 secundum
1673 1388 1832 1431 Christi
1859 1402 1929 1442 pa-

905 1466 1048 1508 tientis¹
1067 1463 1270 1519 versum.)
1299 1478 1442 1507 verum
1463 1463 1518 1513 εἰς
1537 1465 1583 1506 σε’
1602 1462 1751 1505 τείνει
1769 1464 1926 1507 Phoen.

902 1543 999 1584 435.

672 1618 769 1660 881.
801 1616 1014 1673 λεωφόρος.
1049 1623 1127 1671 trg.
1161 1611 1232 1658 ἁπ.
1267 1616 1386 1659 Plato
1419 1617 1521 1659 Hdt.

676 1693 772 1735 887.
805 1690 1038 1748 νεόκμητος.
1072 1701 1152 1748 trg.
1186 1687 1258 1735 ἁπ.
1292 1693 1377 1735 alia
1420 1707 1522 1735 vero
1555 1693 1679 1736 lectio
1712 1690 1928 1746 νεόὸμητος

877 1772 1054 1812 recurrit
1087 1770 1196 1812 Med.
1231 1770 1329 1811 624.

669 1847 766 1888 9:21.
800 1843 1062 1900 χρυσόβωλον.
1097 1846 1207 1900 quod
1246 1847 1387 1888 Herm.
1422 1839 1494 1886 ἁπ.
1529 1851 1609 1900 trg.
1651 1845 1765 1887 dicit.
1815 1846 1925 1899 equi-

902 1922 995 1964 dem
1029 1923 1130 1964 alibi
1163 1936 1248 1965 non
1279 1922 1425 1964 inveni
1460 1922 1537 1964 hoc
1575 1922 1761 1964 verbum.
1796 1945 1852 1949 —

667 1999 765 2042 934.
797 1995 997 2051 κορύσσειν
1016 2004 1094 2053 trg.
1120 1993 1191 2040 ἁπ.
1216 2000 1339 2041 Hom.
1360 1997 1534 2041 Hesiod.
1564 1998 1685 2040 Pind.
1711 1998 1828 2051 aliiq.
1853 1998 1928 2040 sed

903 2074 1198 2129 κεκορυῖῖμένος
1218 2074 1417 2117 Androm.
1440 2075 1535 2116 279.
1567 2074 1657 2128 Iph.
1687 2073 1780 2115 Aul.
1802 2074 1925 2116 1073.

667 2150 766 2192 942.
800 2148 1056 2205 ἐπιχράομαι.
1092 2145 1164 2191 ἁπ.
1199 2156 1275 2204 trg.
1312 2149 1443 2192 Thuc.
1479 2149 1579 2192 Hdt.
1613 2150 1748 2191 Plato.

667 2226 765 2269 964.
797 2224 1054 2281 καρποποιός.

666 2303 765 2343 971.
799 2300 1161 2357 ἀνῇρωποδαίμων.
1196 2303 1280 2346 alio
1313 2316 1443 2345 sensu
1486 2302 1567 2345 hoo
1604 2302 1817 2345 vocabulo
1852 2303 1928 2344 uti·

900 2384 966 2420 tur
998 2381 1172 2434 Procop.
1207 2378 1359 2423 anecd.
1394 2392 1434 2432 p.
1454 2378 1596 2431 56‚25
1616 2378 1908 2421 ed.Alemann

628 2606 655 2648 J
659 2621 727 2649 am
749 2607 847 2649 lieet
870 2606 1029 2661 videre,
1062 2612 1233 2662 praeter
1254 2607 1440 2661 tragicos
1462 2606 1667 2661 imprimis
1690 2607 1920 2649 Homerum

510 2683 744 2725 Hesiodum
785 2682 1014 2725 Pindarum
1057 2682 1354 2738 Thucydidem
1396 2682 1659 2725 Herodotum
1701 2682 1923 2724 Platonem

510 2759 688 2802 Aristot.
722 2763 850 2812 atque
883 2763 1075 2802 oratores
1108 2758 1260 2801 eadem
1307 2759 1470 2801 rariora
1501 2759 1636 2801 verba
1669 2757 1930 2800 adhibuisse.
