2238 3418
1064 337 1350 378 -28-

496 456 537 494 et
569 451 845 505 componendi
879 455 969 493 arte
1003 465 1050 493 ac
1082 453 1244 494 ratione
1277 452 1390 494 haud
1414 454 1473 495 ita
1496 460 1694 496 accurate
1715 455 1900 496 instruc-

493 532 556 569 tos
580 541 689 575 esse,
721 541 814 569 cum
837 527 1158 569 Laehmannum
1181 528 1455 570 Matthiaeum
1477 531 1767 572 Hermannum
1791 531 1898 573 alios

499 604 558 644 ita
600 603 787 655 disgredi
828 603 1045 645 videamus
1084 603 1126 644 in
1160 608 1391 658 temporum
1430 607 1661 648 rationibus
1701 607 1898 648 distincte

498 679 762 721 definiendis.
797 702 849 707 ——
883 681 1151 722 Hermannus
1186 680 1375 734 quidem,
1418 695 1540 734 quem
1572 696 1654 724 non
1687 683 1802 724 nulla
1834 696 1900 724 cu-

495 755 634 809 pidius
668 768 794 808 quam
828 756 966 797 verius
1000 761 1172 798 notasse
1205 755 1290 796 iam
1314 758 1564 812 monuimus,
1598 759 1640 799 id
1675 759 1899 813 praecipue

490 836 662 873 secutus
696 836 773 883 est,
807 836 851 872 ut
884 845 1010 884 quam
1043 831 1274 885 pessimum
1308 833 1512 875 evaderet
1544 834 1596 876 de
1629 835 1763 876 nostri
1798 835 1893 876 stilo

495 907 695 948 iudicium
709 906 750 960 ¹).
785 930 838 935 —-
872 907 925 948 Et
957 905 1306 963 tresquifflem
1340 909 1438 950 fecit
1460 911 1690 964 catalogos,
1723 912 1901 964 primum

497 983 741 1036 verborum,
784 995 892 1034 quae
942 982 1111 1024 omnino
1165 979 1275 1034 ἅπαξ
1320 989 1416 1026 sunt
1458 983 1675 1039 λεγόμενα,
1725 986 1900 1027 alterum

495 1072 649 1111 eorum,
680 1071 787 1112 quae
811 1057 932 1100 modo
956 1059 999 1099 in
1028 1061 1257 1115 tragicis
1280 1061 1401 1102 nobis
1432 1062 1613 1103 servatis
1640 1076 1730 1104 non
1760 1062 1902 1115 legun-

492 1139 569 1188 tur,
605 1135 770 1176 tertium
804 1148 903 1177 vero
928 1148 1067 1177 eorum
1094 1149 1203 1189 quae
1232 1137 1459 1178 imitatus
1486 1142 1552 1179 est
1576 1140 1771 1192 scriptor,
1804 1138 1830 1179 i.
1864 1151 1899 1179 e.

496 1211 654 1253 similes
689 1215 941 1265 structurae,
976 1212 1137 1253 rariora
1170 1214 1303 1254 verba
1335 1213 1376 1253 in
1409 1212 1563 1254 fabulis
1588 1219 1660 1254 aut
1684 1213 1901 1268 Euripidis

493 1293 564 1328 aut
599 1286 821 1340 Sophoclis
855 1292 928 1329 aut
958 1288 1164 1343 Aeschyli
1199 1294 1271 1331 aut
1303 1294 1443 1330 tamen
1479 1289 1520 1330 in
1561 1289 1656 1331 aliis
1692 1289 1900 1343 scriptori-

494 1364 572 1405 bus
606 1364 881 1405 recurrentia.
913 1388 971 1392 —

612 1441 663 1481 Et
695 1440 735 1480 in
763 1439 1007 1481 universum
1036 1440 1204 1493 quidem
1232 1441 1554 1496 diligentiam
1590 1442 1719 1483 nostri
1745 1442 1787 1483 in
1817 1442 1901 1483 dic-

493 1517 606 1558 tione
641 1530 721 1557 non
756 1529 979 1569 possumus
1002 1531 1085 1559 non
1108 1517 1298 1558 laudare.
1361 1517 1522 1567 Quodsi
1554 1519 1759 1570 inventio,
1793 1531 1901 1559 com-

495 1593 662 1647 positio,
707 1606 986 1645 per-sonarum
1019 1594 1127 1635 ratio
1162 1598 1203 1634 et
1235 1593 1465 1648 descriptio
1498 1593 1552 1636 ad
1586 1594 1776 1635 eamdem
1809 1608 1899 1637 nor-

493 1683 605 1710 mam
651 1669 935 1711 conformatae
982 1674 1150 1724 essent,
1194 1669 1308 1711 haud
1350 1670 1410 1710 ita
1451 1669 1583 1710 multa
1631 1669 1899 1725 haberemus,

495 1758 602 1799 quae
635 1744 979 1799 reprehensionis
1013 1759 1162 1788 ansam
1195 1747 1462 1800 praeberent.
1497 1772 1550 1776 —-

613 1821 697 1863 Sed
731 1821 817 1863 iure
851 1821 1064 1876 miramur,
1098 1835 1192 1863 eum
1226 1822 1397 1876 saepius
1431 1822 1674 1864 tritissimas
1706 1835 1776 1864 res
1809 1835 1899 1876 gra-

492 1898 679 1940 vissimis
705 1903 745 1939 ct
773 1898 1009 1951 magnificis
1039 1899 1182 1941 verbis
1210 1899 1445 1953 exprimere
1478 1898 1705 1940 admodum
1736 1912 1898 1940 amare:

495 1974 551 2028 (e.
581 1989 615 2015 c.
637 1987 745 2027 quae
772 1975 853 2015 iam
886 1975 1186 2029 Bernhardyus
1219 1976 1382 2017 notavit
1397 1974 1453 2028 2):
1481 1989 1518 2016 v,
1544 1975 1650 2016 287:
1677 1971 1798 2029 φόβον
1819 1971 1899 2015 δ’ἀ-

489 2047 707 2103 γρώοταις,
741 2047 782 2091 οῖ’
807 2047 896 2091 κατ’
926 2047 1072 2091 Ἰδαῖον
1107 2051 1235 2099 λέπας
1273 2048 1458 2105 οἰκοῦμεν
1500 2048 1726 2104 αὐτόρριζον
1763 2049 1899 2091 ἑστίαν

488 2123 648 2180 χῇονός,
686 2127 787 2168 276ε
822 2124 921 2182 ἀνὴρ
953 2125 1030 2181 γὰρ
1063 2124 1191 2182 ἀρχῆς
1223 2126 1365 2182 μυρίας
1399 2127 1701 2182 στρατηλατῶν.
1740 2127 1825 2167 alia
1857 2127 1898 2166 in

491 2203 697 2257 catalogis
732 2203 1063 2257 exhibebimus).

603 2281 657 2321 Et
688 2293 796 2333 quae
830 2281 883 2322 ab
919 2281 1099 2323 Homero
1134 2280 1332 2322 sumserit
1365 2280 1450 2321 iam
1484 2293 1614 2334 supra
1646 2280 1897 2321 monuimus.

488 2358 597 2398 Tum
632 2356 832 2410 Aeschyli
866 2357 1113 2399 imitationis
1147 2357 1189 2398 in
1221 2356 1401 2409 tragicis
1426 2356 1619 2410 Euripidi
1643 2356 1896 2410 aequalibus

491 2438 562 2474 aut
596 2433 738 2487 paullo
783 2437 879 2486 post
922 2433 1162 2475 viventibus
1205 2433 1294 2475 fere
1336 2432 1451 2473 nulla
1489 2436 1661 2473 exstant
1700 2433 1897 2485 vestigia,

489 2510 588 2561 quia
619 2514 705 2550 tum
739 2522 894 2562 graves
930 2509 1136 2550 orationis
1170 2510 1263 2550 soni
1295 2508 1491 2550 tenuibus
1526 2507 1776 2560 levibusque
1808 2521 1894 2550 ver·

489 2599 610 2626 suum
650 2590 692 2625 et
722 2586 951 2627 verborum
992 2585 1129 2627 modis
1174 2585 1413 2626 cotidianae
1455 2583 1635 2627 orationi
1670 2583 1897 2625 simillimis

487 2661 638 2703 cedere
687 2661 921 2707 debuerint.
955 2685 1008 2690 —
1043 2662 1263 2715 Comptam
1306 2675 1408 2703 vero
1448 2666 1489 2703 et
1532 2661 1775 2714 elegantem
1821 2660 1894 2701 So-

586 2771 609 2811 Ἀ,)
629 2771 649 2805 l.
669 2771 690 2805 l.
710 2782 745 2815 p.
765 2772 833 2806 290
853 2781 909 2815 sq.

578 2829 603 2872 ²)
622 2829 656 2866 h.
673 2829 742 2865 litt.
760 2840 813 2874 gr.
832 2830 882 2869 ΙΙ,
899 2831 930 2863 2.
951 2841 986 2873 p.
1006 2830 1088 2865 437.
