2238 3418
1060 304 1345 342 -14—

624 418 749 459 Haec
790 432 896 460 vero
941 419 1087 460 omnia
1130 432 1218 459 non
1246 419 1467 474 quadrare
1490 421 1537 461 in
1561 425 1757 462 nostram
1781 422 1908 463 fabu—

507 495 590 536 lam
612 494 774 535 diserte
795 494 1036 535 edocemur
1066 495 1251 535 alterius
1281 498 1547 550 argumenti,
1580 497 1651 537 cui
1678 496 1909 552 Aristoph.

505 570 750 625 Byzantius
782 570 1065 622 inscribitur,
1099 571 1275 623 verbis,
1321 572 1398 612 ubi
1430 572 1596 626 legitur
1628 567 1646 613 ὃ
1678 571 1795 627 χορὸς
1826 587 1909 614 συν-

505 647 673 702 έστηκεν
704 646 750 687 ἐκ
781 645 971 701 φυλάκων
1007 648 1207 700 Τρωικῶν,
1255 645 1296 687 οῖ’
1322 646 1393 688 καὶ
1425 647 1696 702 προλογίζουσν.
1725 654 1814 690 tam
1847 649 1907 690 di-

504 722 653 764 lucido
705 722 956 764 testimonio
1012 736 1163 775 nemo,
1211 723 1371 776 credo,
1421 724 1502 764 erit
1556 725 1630 780 qui
1674 734 1907 780 repugnet.

507 798 622 853 Apte
658 799 773 839 enim
806 799 860 839 ab
896 799 1147 853 anapaestis
1183 799 1306 840 chori
1331 799 1481 840 drama
1511 800 1664 855 incipit
1684 815 1765 842 nec
1785 816 1905 857 pror-

504 870 577 915 sus
612 874 796 930 cogitari
820 878 967 929 potest
993 875 1214 931 quomodo
1241 890 1356 917 unus
1382 877 1455 918 vel
1480 877 1593 918 alter
1614 878 1906 933 prologorum

503 963 602 991 cum
633 950 717 991 hac
740 955 891 992 nostra
914 952 1072 993 fabula
1096 952 1149 993 sit
1176 953 1530 1008 coniungendus.
1564 978 1616 1002 —÷
1652 953 1776 1001 Quae
1807 968 1907 995 cum

500 1025 564 1067 ita
598 1027 685 1068 sint
717 1027 752 1068 si
781 1026 891 1082 quid
913 1027 1060 1080 video7
1093 1028 1206 1069 nihil
1231 1029 1353 1070 aliud
1376 1033 1514 1070 restat
1537 1029 1620 1070 nisi
1646 1044 1785 1070 unum
1807 1044 1904 1071 ver-

503 1116 622 1143 sum:
655 1100 719 1144 νῦν
746 1102 916 1159 εὐσελην.
940 1137 949 1145 .
973 1137 982 1146 .
1008 1138 1016 1146 .
1037 1106 1253 1161 suspicari
1284 1106 1458 1147 initium
1483 1119 1579 1147 esse
1603 1107 1777 1161 prologi
1800 1120 1905 1148 vere

502 1177 754 1233 Euripidei,
795 1195 901 1222 casu
933 1182 1061 1223 nobis
1097 1188 1325 1225 servatum
1358 1197 1458 1224 cum
1490 1183 1646 1223 fabula
1686 1183 1782 1237 ipsa
1820 1183 1905 1223 iam

500 1255 696 1309 perierit.
745 1255 953 1298 Alterum
985 1272 1092 1299 vero
1129 1259 1183 1299 ab
1209 1259 1521 1311 histrionibus,
1554 1263 1750 1299 nostram
1775 1258 1902 1299 fabu-

500 1331 588 1372 lam
621 1332 716 1373 sine
748 1334 937 1388 prologo
979 1333 1222 1389 Euripideo
1261 1348 1383 1376 more
1427 1335 1545 1375 facto
1589 1334 1666 1376 vix
1714 1334 1903 1375 tolerari

498 1421 630 1461 posse
686 1409 989 1451 iudicantibus
1039 1411 1295 1452 confectum
1345 1424 1442 1452 esse
1500 1425 1600 1452 cum
1655 1412 1901 1466 argumenti

500 1485 788 1539 compilatore
822 1486 914 1540 (vel
946 1487 1092 1541 potius
1117 1501 1216 1528 cum
1239 1487 1540 1541 Dicaearcho)
1564 1491 1824 1529 statuemus.
1849 1513 1899 1517 —

498 1559 579 1601 Est
599 1561 714 1601 enim
746 1562 981 1616 pedestris,
1013 1563 1150 1619 idque
1180 1568 1333 1605 contra
1356 1563 1554 1605 Valken.
1576 1564 1662 1605 iam
1684 1564 1900 1604 Herman-

500 1650 583 1677 nus
619 1635 672 1677 G.
704 1637 962 1680 Dindorfius
997 1639 1268 1681 XVelckerus
1314 1640 1477 1696 aliique
1519 1644 1808 1681 monuerunt.
1851 1664 1901 1668 -

501 1711 632 1759 Quod
665 1717 813 1755 autem
847 1728 903 1756 ex
937 1729 1026 1756 uno
1058 1715 1257 1757 trimetro
1291 1716 1519 1770 conligere
1553 1716 1679 1768 licet,
1712 1729 1801 1756 non
1833 1729 1900 1756 re-

500 1793 670 1843 pugnat
708 1790 817 1831 mori
855 1791 1144 1847 prologorum
1201 1792 1530 1847 euripideorum
1567 1816 1620 1821 ——
1663 1791 1801 1847 Atqui
1844 1805 1899 1832 ex

500 1864 610 1905 Acci
643 1868 925 1921 nyctegersia
957 1869 1050 1910 sive
1084 1868 1365 1924 nyctegresia
1400 1868 1473 1924 qui
1507 1873 1686 1910 exstant
1722 1869 1774 1908 10
1799 1881 1897 1909 ver-

502 1956 574 1982 sus
610 1943 684 1996 (cf.
719 1943 1010 1986 O.·Ribbeok
1043 1950 1156 2000 trag.
1190 1946 1267 1986 lat.
1310 1946 1409 1986 rell.
1452 1960 1493 2000 p.
1538 1946 1619 1986 170
1661 1960 1725 2000 sq.
1769 1948 1811 1985 et
1857 1944 1902 1984 in

501 2019 751 2074 quaestion.
784 2034 934 2061 scaen.
973 2035 1014 2075 p.
1056 2022 1140 2062 306
1182 2022 1265 2077 sq.)
1298 2022 1552 2076 Hartungio
1587 2021 1635 2075 (l.
1668 2021 1715 2074 1.)
1749 2035 1903 2061 ansam

502 2094 739 2148 dederunt,
771 2096 913 2137 multa
947 2097 1001 2138 de
1033 2097 1118 2138 hac
1150 2098 1324 2153 perdita
1348 2099 1503 2139 fabula
1527 2098 1753 2150 hariolari,
1789 2110 1901 2153 quae

501 2170 557 2211 ad
589 2175 788 2213 nostram
822 2173 1131 2228 quaestionem
1163 2188 1219 2215 ne
1251 2175 1478 2216 minimum
1511 2175 1688 2229 quidem
1710 2174 1904 2214 fructum

501 2247 664 2288 afferre
696 2262 776 2302 per
809 2262 856 2290 se
888 2254 1079 2291 constat.
1114 2276 1166 2279 —
1202 2250 1285 2298 Qui
1318 2256 1450 2306 poeta
1478 2265 1584 2292 num
1604 2265 1755 2293 veram
1772 2249 1901 2290 Euri-

499 2323 616 2377 pidis
648 2324 848 2366 Rhesum
879 2326 1076 2369 imitatus
1110 2328 1185 2381 sit,
1228 2342 1317 2369 non
1348 2334 1494 2383 potest
1532 2333 1900 2385 argumentorum

501 2401 733 2442 momentis
767 2403 935 2456 negari,
966 2405 1228 2459 praesertim
1261 2419 1361 2446 cum
1386 2406 1432 2446 111
1457 2406 1552 2448 aliis
1576 2406 1742 2447 fabulis
1767 2417 1901 2458 saepe

500 2475 762 2531 Euripidem
786 2492 886 2520 eum
909 2485 1112 2523 secutum
1133 2496 1230 2523 esse
1249 2482 1454 2524 sciamus.
1504 2482 1591 2524 Sed
1608 2482 1750 2537 potuit
1772 2480 1903 2522 etiam

503 2566 560 2592 ex
593 2553 687 2594 sola
710 2554 903 2597 Dolonia
936 2557 1120 2599 fabulae
1153 2559 1382 2600 materiam
1414 2560 1639 2600 sumsisse.
1674 2584 1727 2588 —-
1762 2557 1903 2605 Quam

502 2641 594 2667 rem
627 2630 803 2683 penitus
835 2632 1047 2674 intactam
1079 2635 1317 2691 reliquisse
1359 2637 1569 2691 optimum
1604 2636 1700 2678 erit.
1734 2659 1786 2664 —-
1819 2632 1900 2673 His

504 2706 707 2747 omnibus
741 2710 974 2762 perpensis
1009 2715 1253 2753 statuamus
1283 2727 1468 2756 necesse
1492 2720 1557 2756 est
1581 2713 1782 2756 fabulam
1800 2723 1900 2751 nos-

501 2784 614 2821 tram
645 2781 730 2822 iam
762 2784 935 2837 pridem
975 2787 1060 2828 sub
1093 2787 1318 2843 Euripidis
1363 2791 1542 2833 nomine
1574 2788 1903 2833 Alexandriam
