2238 3418
1059 313 1347 356 -50-

505 430 568 471 vir
601 428 764 482 doetus,
799 428 835 469 si
857 428 1100 471 Hermanno
1120 428 1148 484 ¹)
1182 429 1323 483 obicit,
1357 444 1439 472 non
1460 443 1590 484 posse
1614 429 1907 482 demonstrari,

506 503 633 545 Rhesi
676 508 889 546 auctorem
933 506 986 547 ab
1025 506 1226 559 Euripide
1269 506 1531 548 desumsisse
1577 520 1630 548 ex
1677 506 1908 560 tragoediis

504 584 601 634 post
632 579 695 622 Ol.
730 581 783 621 89
817 581 1033 623 confectis.
1101 582 1267 623 Etenim
1298 582 1543 636 Euripidem
1584 596 1609 623 a
1656 587 1776 624 notro
1823 583 1908 624 δυσ-

501 654 703 710 &Na-timeae),
734 653 913 710 ἐπεζάρει
929 656 959 711 2)
995 657 1169 710 aliaque
1203 657 1410 699 eiusmodi
1442 662 1729 700 mutuaturum
1762 658 1908 710 fuisse,

505 746 652 785 necne,
686 731 818 774 lector
850 733 941 787 ipse
974 732 1192 775 iudicabit.
1228 757 1280 761 —
1313 733 1406 775 Alio
1445 747 1544 776 vero
1583 732 1722 788 loeo3)
1755 735 1910 776 Valke-

501 808 665 850 narium
695 821 748 850 ne
781 809 950 849 minime
982 808 1151 861 quidem
1185 809 1504 851 demonstrasse
1544 809 1749 864 perhibet,
1793 824 1909 852 oeco-

505 885 689 927 nomiam
721 889 762 926 et
795 884 1023 927 dictionem
1051 885 1224 927 fabulae
1248 885 1474 927 abhorrere
1497 887 1551 927 ab
1570 886 1785 941 Euripidis
1807 891 1911 935 arte,

503 960 579 1002 sed
612 960 755 1002 omnia
790 960 945 1015 „etiam
978 965 1168 1003 veterum
1201 960 1470 1003 testimonia“
1505 961 1591 1003 fere
1618 975 1700 1003 uno
1725 976 1796 1004 ore
1819 976 1909 1016 pro-

503 1037 618 1090 bare,
653 1049 747 1077 eam
766 1036 981 1091 Euripidis
1016 1037 1185 1090 ingenio
1214 1037 1339 1091 plane
1363 1037 1534 1091 dignam
1557 1051 1665 1080 esse.
1715 1042 1910 1080 Ceterum

502 1112 627 1154 nimis
660 1113 842 1166 benigne
876 1112 927 1154 de
967 1113 1265 1168 Aristophanis
1299 1114 1447 1155 oomioi
1479 1113 1635 1155 iudicio
1675 1118 1716 1155 et
1757 1116 1912 1157 acumi-

502 1201 554 1230 ne
578 1188 752 1242 iudicat,
781 1189 861 1230 hoo
885 1188 1034 1230 drama
1050 1185 1200 1243 Ἄρεως
1220 1189 1364 1243 μεστόν
1376 1188 1408 1245 ⁴)
1434 1194 1532 1231 ante
1557 1191 1699 1233 omnia
1722 1191 1760 1232 ei
1782 1191 1911 1246 placi-

502 1271 639 1307 turum
671 1265 817 1308 fuisse.
852 1290 905 1294 —-
938 1265 1021 1307 Ubi
1055 1265 1208 1307 desunt
1230 1271 1496 1320 argumenta,
1530 1267 1572 1307 in
1594 1267 1836 1308 universum
1858 1267 1910 1309 de

502 1342 718 1396 Euripidis
751 1342 975 1384 virtutibus
1010 1343 1184 1395 eiusque
1217 1344 1318 1384 artis
1352 1343 1466 1383 vitiis
1499 1343 1632 1384 verba
1653 1342 1761 1384 facit
1783 1347 1910 1396 atque

500 1419 697 1472 exempla
730 1419 853 1460 affert
886 1418 990 1461 duee
1026 1418 1187 1460 comico
1221 1432 1272 1460 ex
1304 1419 1497 1460 omnibus
1530 1417 1617 1459 fere
1657 1419 1909 1473 tragoediis,

499 1495 718 1536 rarissime
753 1509 852 1537 vero
887 1508 939 1536 ex
971 1499 1120 1536 nostra
1152 1493 1357 1549 fabula-⁸³).
1394 1519 1446 1523 ——
1480 1494 1656 1536 Videbis
1702 1508 1794 1536 eum
1833 1496 1909 1537 sub

503 1571 628 1612 finem
662 1571 883 1625 paullatim
916 1571 1144 1612 minutiora
1182 1575 1222 1612 et
1261 1571 1454 1612 tenuiora
1499 1570 1710 1624 proferre,
1759 1572 1912 1613 etenim

504 1647 828 1700 qualiacumque
862 1661 1074 1702 apponere
1108 1646 1263 1699 studet,
1296 1646 1495 1688 videlieet
1527 1652 1571 1688 ut
1592 1648 1772 1689 lectores
1795 1652 1913 1689 tanta

504 1728 845 1777 argumentorum
880 1723 987 1765 mole
1021 1736 1251 1776 oppressos
1284 1722 1443 1776 pudeat
1473 1736 1670 1775 umquam
1712 1723 1763 1764 de
1797 1724 1912 1765 Euri-

503 1799 601 1854 pide
624 1799 747 1840 huius
770 1799 943 1841 fabulae
964 1803 1134 1840 auctore
1156 1798 1411 1841 haesitasse.
1445 1822 1499 1827 —
1520 1799 1573 1839 Et
1594 1810 1724 1853 grave
1749 1813 1912 1854 exemp-

502 1876 636 1918 lorum
670 1890 776 1917 onus
800 1881 1023 1930 postquam
1046 1874 1204 1917 abiecit
1221 1873 1252 1927 ⁶)
1289 1873 1464 1928 „haee“,
1498 1875 1707 1916 exclamat
1742 1875 1911 1930 „habui‚

503 1965 611 2005 quae
643 1952 804 2005 ingenii
837 1951 1055 2005 Euripidei
1087 1950 1189 1992 mihi
1222 1950 1466 1993 viderentur
1497 1951 1669 1993 indicia.
1733 1951 1912 2004 Reliqua

504 2028 650 2070 sentiri
694 2032 893 2082 possunt,
929 2027 1082 2080 exponi
1114 2024 1372 2079 nequeunt.“
1448 2027 1553 2067 Tum
1587 2027 1681 2080 ipse
1720 2025 1913 2068 coneedit

504 2104 539 2145 si
571 2103 737 2144 Rhesus
771 2100 907 2157 δρᾶμα
938 2099 1156 2143 ἀδέσποτον
1189 2103 1243 2143 ad
1276 2106 1425 2144 nostra
1467 2106 1658 2156 tempora
1694 2102 1913 2156 pervenis-

504 2183 569 2221 set
600 2179 707 2221 haee
740 2183 993 2232 argumenta
1025 2193 1105 2220 non
1141 2179 1242 2219 satis
1277 2180 1429 2231 gravia
1460 2178 1605 2230 fuisse,
1636 2192 1767 2232 quare
1790 2179 1910 2219 Euri-

501 2255 589 2309 pidi
621 2255 870 2309 tribuamus,
907 2255 1012 2308 „sed
1045 2268 1137 2296 eum
1170 2254 1449 2296 vetustissimi
1482 2254 1769 2307 grammatici,
1803 2254 1911 2296 eodi-

503 2344 576 2372 ees
610 2330 830 2384 suadeant,
864 2344 956 2372 oum
989 2330 1114 2372 dictio
1148 2334 1189 2372 et
1220 2330 1468 2384 compositio
1501 2345 1583 2372 non
1630 2328 1908 2372 adversetur“

599 2469 622 2505 ¹)
649 2479 683 2511 p.
712 2468 790 2503 XC.

598 2514 625 2555 ²)
651 2515 723 2549 vid.
752 2516 874 2550 Herm.
900 2525 935 2557 p.
962 2516 1047 2549 296.

599 2562 624 2599 ³)
652 2573 687 2605 p.
716 2562 922 2597 CXXXIX.

597 2610 624 2647 4)
651 2619 685 2652 p.
714 2609 817 2644 CLII
844 2619 899 2653 sq.

598 2657 623 2697 5)
655 2655 790 2690 CLVII
830 2665 860 2690 e.
899 2666 928 2690 c,
966 2658 1152 2695 memorat,
1190 2651 1476 2698 Aristophanem
1514 2654 1700 2698 Euripidis
1740 2653 1910 2700 ὄξυμώρα

502 2711 595 2745 qnae
620 2702 656 2735 in
682 2702 882 2746 tragoediis
909 2702 1088 2746 sparserit
1112 2701 1395 2745 reprehendere,
1432 2712 1511 2735 oum
1547 2701 1629 2745 ipse
1667 2700 1845 2744 fateatur,
1873 2701 1908 2735 in

500 2752 628 2782 nostra
652 2749 843 2792 tragoedia
870 2749 1070 2792 exemplum
1097 2758 1168 2782 non
1195 2751 1352 2783 exstare.

597 2795 622 2836 ⁶)
648 2805 684 2838 p,
711 2795 884 2831 CLVIII.
