2238 3418
1096 354 1352 393 ρ,6--

529 471 639 512 utile
674 475 753 511 est.
816 469 963 518 Quare
1001 468 1164 509 melius
1203 468 1341 519 du00,
1387 469 1433 509 in
1474 481 1715 523 progressu
1749 467 1924 507 demum

527 549 837 605 disputationis
872 562 1087 602 quaerere
1122 549 1227 605 quid
1252 550 1345 591 veri
1378 550 1535 601 simile,
1569 547 1674 603 quid
1704 545 1924 587 insulsum

529 632 572 668 et
606 641 941 681 nonnumquam
972 627 1173 681 ineptum
1205 626 1457 668 iudicarint.
1492 651 1545 656 ——

647 703 844 744 Primum
879 703 1056 757 quidem
1087 702 1284 743 breviter
1318 715 1392 743 eos
1427 700 1815 752 enumerabimus,
1855 698 1926 753 qui

530 781 647 822 hanc
681 779 880 820 fabulam
913 782 988 819 aut
1019 781 1373 832 pertractarunt,
1418 781 1493 818 aut
1529 781 1648 818 certe
1683 777 1736 817 de
1775 789 1825 816 ea
1861 775 1926 815 iu-

532 857 693 898 dicium
727 856 1048 897 exhibuerunt.
1082 879 1134 884 —

647 933 742 973 Jos.
775 931 976 986 Scaliger
1005 930 1251 985 prolegom.
1296 930 1350 970 ad
1384 928 1616 970 Manilium
1653 943 1695 983 p.
1719 927 1784 968 VI
1819 941 1882 981 sq.

648 1008 762 1050 Sam.
794 1008 970 1049 Petitus
1001 1007 1246 1048 miscellan.
1280 1005 1367 1058 III,
1402 1007 1470 1046 22.
1503 1020 1544 1059 p.
1581 1006 1675 1045 185.

647 1084 707 1126 M.
732 1084 900 1125 Anton.
928 1083 1081 1125 Delrio
1106 1082 1278 1138 proleg.
1306 1082 1352 1122 in
1383 1081 1579 1122 Senecae
1608 1085 1721 1135 trag.
1745 1077 1931 1134 p.XXI.

652 1161 748 1202 Jac.
778 1160 996 1212 Hardion,
1022 1159 1306 1200 dissertation
1335 1173 1410 1199 sur
1436 1157 1479 1198 la
1500 1155 1702 1212 tragedie
1731 1155 1785 1196 de
1812 1153 1932 1195 Rhe-

536 1252 631 1289 sus,
672 1237 717 1278 in
750 1235 877 1277 mem.
921 1236 974 1276 de
1014 1235 1198 1276 litterat.
1233 1235 1288 1275 de
1328 1233 1503 1275 l’Acad.
1535 1233 1707 1287 Royale
1752 1233 1828 1272 des
1866 1232 1931 1271 in-

534 1313 768 1367 scriptions
810 1316 852 1352 et
892 1312 1001 1353 bell.
1042 1312 1197 1352 lettres
1235 1315 1339 1351 tom.
1380 1308 1438 1362 X,
1478 1324 1520 1363 p.
1563 1310 1667 1361 323,
1708 1308 1782 1363 qui
1819 1307 1934 1348 liber

534 1389 640 1431 mihi
674 1402 730 1430 ex
762 1387 1038 1429 Valkenario
1074 1392 1116 1428 et
1148 1386 1394 1428 Welckero
1429 1384 1615 1426 enotuit.

654 1464 961 1506 Valkenarius
994 1465 1040 1504 in
1071 1463 1302 1505 Diatribae
1335 1476 1429 1517 cap.
1464 1459 1532 1501 IX
1565 1465 1606 1501 et
1637 1459 1694 1501 X.

653 1541 768 1582 Dan.
800 1541 924 1582 Beck
958 1541 1003 1581 in
1036 1540 1240 1581 Diatriba
1274 1539 1426 1579 critica
1461 1537 1516 1578 de
1549 1537 1699 1578 Rheso
1734 1536 1934 1591 supposi-

533 1618 629 1659 titio
662 1618 888 1673 Euripidis
923 1617 1140 1669 dramate,
1171 1616 1217 1657 in
1253 1615 1358 1656 edit.
1382 1614 1607 1669 Euripidis
1637 1613 1854 1654 Barnesio
1882 1638 1935 1643 --

533 1693 853 1748 Musgraviana
883 1698 987 1734 tom.
1014 1692 1103 1744 III,
1131 1707 1173 1747 p.
1199 1693 1284 1732 444
1309 1704 1439 1746 quem
1461 1690 1626 1731 librum
1658 1703 1804 1743 neque
1829 1688 1937 1730 Got-

534 1770 688 1824 tingae
721 1783 866 1825 neque
898 1769 1092 1811 Basiliae
1124 1768 1343 1822 inspicere
1375 1766 1481 1806 mihi
1514 1766 1652 1806 licuit.
1686 1790 1739 1795 —

653 1846 771 1901 Aug.
804 1846 1063 1887 Boeckhius
1099 1846 1370 1900 tragicorum
1404 1857 1672 1899 graec-orum
1698 1873 1819 1883 .....
1854 1845 1937 1882 etc.

541 1925 678 1975 1808,
717 1938 758 1978 p.
792 1924 875 1963 228
910 1938 974 1978 sq.
1019 1926 1062 1963 et
1101 1922 1148 1963 in
1185 1921 1386 1976 secunda
1430 1920 1483 1960 de
1530 1919 1665 1973 Soph.
1708 1917 1939 1972 Antigona

536 2000 906 2041 commentatione
947 1999 993 2039 in
1031 1997 1157 2039 Actis
1201 1997 1342 2039 Acad.
1384 1997 1567 2038 Boruss.
1611 1996 1721 2035 1828
1763 2008 1805 2048 p.
1842 1995 1940 2045 110,

541 2080 633 2117 not.
668 2078 706 2117 1.
741 2100 793 2105 —

657 2151 805 2193 Carol.
839 2151 1118 2193 Lachmann.
1162 2150 1216 2191 de
1258 2147 1420 2191 chorio.
1465 2151 1691 2204 systemat.
1730 2151 1844 2202 trag.
1877 2159 1941 2200 gr.

539 2244 581 2284 p.
617 2230 699 2270 116
734 2243 799 2283 sq.

661 2304 774 2345 God.
815 2304 1061 2345 Hermann.
1103 2303 1149 2345 in
1196 2302 1590 2344 observationibus
1643 2300 1697 2340 de
1742 2298 1942 2340 Graecae

539 2380 720 2435 linguae
752 2380 956 2421 dialectis
980 2395 1023 2435 p.
1041 2378 1122 2432 IX,
1138 2380 1185 2420 in
1202 2379 1346 2420 Elem.
1370 2379 1523 2419 Doctr.
1541 2377 1671 2418 Metr.
1695 2390 1737 2430 p.
1769 2377 1852 2416 124
1879 2389 1942 2429 sq.

542 2460 584 2498 et
605 2457 650 2497 in
670 2456 982 2497 dissertatione
1003 2456 1057 2497 de
1075 2456 1242 2509 Rheso,
1262 2468 1414 2510 opusc.
1433 2452 1505 2493 ΠΙ
1525 2453 1692 2507 (1828),
1714 2467 1755 2507 p.
1775 2452 1858 2492 262
1880 2465 1943 2505 sq.

658 2532 757 2574 Car.
800 2532 1042 2574 Morstadt:
1090 2532 1273 2586 Beitrag
1315 2544 1394 2571 zur
1434 2529 1584 2571 Kritik
1627 2529 1706 2570 des
1748 2528 1942 2568 Rhesus.

541 2608 753 2651 Heidelb.
775 2611 901 2663 1827,
934 2622 1066 2665 quem
1084 2609 1250 2651 librum
1269 2607 1324 2650 ad
1347 2619 1526 2648 manum
1549 2605 1658 2646 mihi
1684 2617 1777 2645 non
1805 2603 1943 2644 fuisse

545 2699 678 2741 aegre
711 2686 822 2727 fero.

662 2761 815 2803 Scholl
845 2762 949 2804 hist.
983 2762 1039 2803 de
1066 2762 1112 2804 la.
1138 2759 1318 2803 litterat.
1353 2772 1503 2815 grecq.
1538 2758 1745 2800 editionis
1774 2770 1944 2812 germa-

544 2838 672 2880 nicae
703 2837 741 2892 I,
772 2853 814 2893 p.
848 2840 946 2879 264.
