<?xml version="1.0" encoding="UTF-8"?>
<!DOCTYPE html PUBLIC "-//W3C//DTD XHTML 1.0 Transitional//EN"
    "http://www.w3.org/TR/xhtml1/DTD/xhtml1-transitional.dtd">
<html xmlns="http://www.w3.org/1999/xhtml" xml:lang="en" lang="en">
 <head>
  <title>
</title>
<meta http-equiv="Content-Type" content="text/html;charset=utf-8" />
  <meta name='ocr-system' content='tesseract 3.04.00' />
  <meta name='ocr-capabilities' content='ocr_page ocr_carea ocr_par ocr_line ocrx_word'/>
</head>
<body>
  <div class='ocr_page' id='page_1' title='image "./derhesotragoedia00hageuoft_0012.png"; bbox 0 0 2238 3418; ppageno 0'>
   <div class='ocr_carea' id='block_1_1' title="bbox 1105 342 1361 381">
    <p class='ocr_par' dir='ltr' id='par_1_1' title="bbox 1105 342 1361 381">
     <span class='ocr_line' id='line_1_1' title="bbox 1105 342 1361 381; baseline 0.008 -12"><span class='ocrx_word' id='word_1_1' title='bbox 1105 342 1361 381; x_wconf 72' lang='grc'>-8-</span> 
     </span>
    </p>
   </div>
   <div class='ocr_carea' id='block_1_2' title="bbox 531 455 1932 737">
    <p class='ocr_par' dir='ltr' id='par_1_2' title="bbox 531 455 1932 737">
     <span class='ocr_line' id='line_1_2' title="bbox 647 455 1931 510; baseline 0.001 -14"><span class='ocrx_word' id='word_1_2' title='bbox 647 456 862 497; x_wconf 81' lang='lat' dir='ltr'>Videmus</span> <span class='ocrx_word' id='word_1_3' title='bbox 894 469 1185 510; x_wconf 82' lang='lat' dir='ltr'>permagnum</span> <span class='ocrx_word' id='word_1_4' title='bbox 1224 455 1438 510; x_wconf 86' lang='lat' dir='ltr'>profecto</span> <span class='ocrx_word' id='word_1_5' title='bbox 1471 456 1667 497; x_wconf 83' lang='lat' dir='ltr'>virorum</span> <span class='ocrx_word' id='word_1_6' title='bbox 1700 457 1931 498; x_wconf 90' lang='lat' dir='ltr'>doctorum</span> 
     </span>
     <span class='ocr_line' id='line_1_3' title="bbox 531 532 1932 586; baseline 0 -14"><span class='ocrx_word' id='word_1_7' title='bbox 531 546 766 573; x_wconf 90' lang='lat' dir='ltr'>numerum</span> <span class='ocrx_word' id='word_1_8' title='bbox 798 533 913 573; x_wconf 82' lang='lat' dir='ltr'>hanc</span> <span class='ocrx_word' id='word_1_9' title='bbox 949 532 1258 586; x_wconf 85' lang='lat' dir='ltr'>quaestionem</span> <span class='ocrx_word' id='word_1_10' title='bbox 1292 532 1508 586; x_wconf 82' lang='lat' dir='ltr'>attigisse,</span> <span class='ocrx_word' id='word_1_11' title='bbox 1553 532 1631 573; x_wconf 89' lang='lat' dir='ltr'>sed</span> <span class='ocrx_word' id='word_1_12' title='bbox 1662 532 1828 573; x_wconf 85' lang='lat' dir='ltr'>iudicia</span> <span class='ocrx_word' id='word_1_13' title='bbox 1859 533 1932 573; x_wconf 84' lang='lat' dir='ltr'>vel</span> 
     </span>
     <span class='ocr_line' id='line_1_4' title="bbox 532 607 1931 664; baseline 0.001 -16"><span class='ocrx_word' id='word_1_14' title='bbox 532 609 678 662; x_wconf 86' lang='lat' dir='ltr'>potius</span> <span class='ocrx_word' id='word_1_15' title='bbox 713 608 942 662; x_wconf 79' lang='lat' dir='ltr'>opiniones</span> <span class='ocrx_word' id='word_1_16' title='bbox 976 620 1129 647; x_wconf 89' lang='lat' dir='ltr'>eorum</span> <span class='ocrx_word' id='word_1_17' title='bbox 1161 607 1320 647; x_wconf 87' lang='lat' dir='ltr'>mirum</span> <span class='ocrx_word' id='word_1_18' title='bbox 1361 608 1406 647; x_wconf 90' lang='lat' dir='ltr'>in</span> <span class='ocrx_word' id='word_1_19' title='bbox 1449 608 1628 648; x_wconf 88' lang='lat' dir='ltr'>modum</span> <span class='ocrx_word' id='word_1_20' title='bbox 1663 608 1931 664; x_wconf 77' lang='lat' dir='ltr'>discrepare,</span> 
     </span>
     <span class='ocr_line' id='line_1_5' title="bbox 533 682 1332 737; baseline -0.001 -13"><span class='ocrx_word' id='word_1_21' title='bbox 533 697 637 724; x_wconf 82' lang='lat' dir='ltr'>mox</span> <span class='ocrx_word' id='word_1_22' title='bbox 669 683 769 723; x_wconf 89' lang='lat' dir='ltr'>luce</span> <span class='ocrx_word' id='word_1_23' title='bbox 803 682 966 723; x_wconf 86' lang='lat' dir='ltr'>clarius</span> <span class='ocrx_word' id='word_1_24' title='bbox 1002 683 1247 737; x_wconf 77' lang='lat' dir='ltr'>apparebit.</span> <span class='ocrx_word' id='word_1_25' title='bbox 1280 707 1332 711; x_wconf 90' lang='lat'><strong>—</strong></span> 
     </span>
    </p>
   </div>
   <div class='ocr_carea' id='block_1_3' title="bbox 531 781 1933 1128">
    <p class='ocr_par' dir='ltr' id='par_1_3' title="bbox 531 781 1933 1128">
     <span class='ocr_line' id='line_1_6' title="bbox 648 781 1932 838; baseline 0.002 -17"><span class='ocrx_word' id='word_1_26' title='bbox 648 781 834 822; x_wconf 81' lang='lat' dir='ltr'>Initium</span> <span class='ocrx_word' id='word_1_27' title='bbox 876 781 1006 822; x_wconf 87' lang='lat' dir='ltr'>nobis</span> <span class='ocrx_word' id='word_1_28' title='bbox 1041 781 1297 822; x_wconf 87' lang='lat' dir='ltr'>faciendum</span> <span class='ocrx_word' id='word_1_29' title='bbox 1340 782 1420 822; x_wconf 88' lang='lat' dir='ltr'>erit</span> <span class='ocrx_word' id='word_1_30' title='bbox 1461 782 1514 823; x_wconf 93' lang='lat' dir='ltr'>de</span> <span class='ocrx_word' id='word_1_31' title='bbox 1549 787 1835 838; x_wconf 85' lang='lat' dir='ltr'>argumento,</span> <span class='ocrx_word' id='word_1_32' title='bbox 1879 783 1932 824; x_wconf 91' lang='lat' dir='ltr'>de</span> 
     </span>
     <span class='ocr_line' id='line_1_7' title="bbox 531 857 1931 913; baseline 0.001 -14"><span class='ocrx_word' id='word_1_33' title='bbox 531 862 733 899; x_wconf 84' lang='lat' dir='ltr'>veterum</span> <span class='ocrx_word' id='word_1_34' title='bbox 776 857 1170 912; x_wconf 82' lang='lat' dir='ltr'>grammaticorum</span> <span class='ocrx_word' id='word_1_35' title='bbox 1210 862 1697 913; x_wconf 88' lang='lat' dir='ltr'>commentatorumque</span> <span class='ocrx_word' id='word_1_36' title='bbox 1735 859 1931 900; x_wconf 86' lang='lat' dir='ltr'>testimo-</span> 
     </span>
     <span class='ocr_line' id='line_1_8' title="bbox 532 934 1931 990; baseline 0.001 -15"><span class='ocrx_word' id='word_1_37' title='bbox 532 935 640 986; x_wconf 89' lang='lat' dir='ltr'>niis,</span> <span class='ocrx_word' id='word_1_38' title='bbox 682 939 775 975; x_wconf 87' lang='lat' dir='ltr'>tum</span> <span class='ocrx_word' id='word_1_39' title='bbox 811 934 863 975; x_wconf 92' lang='lat' dir='ltr'>de</span> <span class='ocrx_word' id='word_1_40' title='bbox 896 934 1034 988; x_wconf 87' lang='lat' dir='ltr'>ipsius</span> <span class='ocrx_word' id='word_1_41' title='bbox 1069 934 1253 975; x_wconf 83' lang='lat' dir='ltr'>fabulae</span> <span class='ocrx_word' id='word_1_42' title='bbox 1284 935 1454 988; x_wconf 80' lang='lat' dir='ltr'>mytho,</span> <span class='ocrx_word' id='word_1_43' title='bbox 1488 935 1541 976; x_wconf 91' lang='lat' dir='ltr'>de</span> <span class='ocrx_word' id='word_1_44' title='bbox 1577 935 1792 988; x_wconf 88' lang='lat' dir='ltr'>fontibus,</span> <span class='ocrx_word' id='word_1_45' title='bbox 1827 950 1931 990; x_wconf 89' lang='lat' dir='ltr'>quo-</span> 
     </span>
     <span class='ocr_line' id='line_1_9' title="bbox 531 1006 1933 1067; baseline 0.001 -16"><span class='ocrx_word' id='word_1_46' title='bbox 531 1010 662 1052; x_wconf 87' lang='lat' dir='ltr'>modo</span> <span class='ocrx_word' id='word_1_47' title='bbox 695 1011 746 1050; x_wconf 88' lang='lat' dir='ltr'>iis</span> <span class='ocrx_word' id='word_1_48' title='bbox 780 1025 887 1051; x_wconf 89' lang='lat' dir='ltr'>usus</span> <span class='ocrx_word' id='word_1_49' title='bbox 924 1010 976 1050; x_wconf 88' lang='lat' dir='ltr'>sit</span> <span class='ocrx_word' id='word_1_50' title='bbox 999 1014 1144 1063; x_wconf 86' lang='lat' dir='ltr'>poeta,</span> <span class='ocrx_word' id='word_1_51' title='bbox 1179 1010 1233 1051; x_wconf 94' lang='lat' dir='ltr'>de</span> <span class='ocrx_word' id='word_1_52' title='bbox 1252 1012 1534 1064; x_wconf 88' lang='lat' dir='ltr'>oeconomia,</span> <span class='ocrx_word' id='word_1_53' title='bbox 1568 1006 1621 1052; x_wconf 88' lang='lat' dir='ltr'>de</span> <span class='ocrx_word' id='word_1_54' title='bbox 1647 1016 1740 1052; x_wconf 83' lang='lat' dir='ltr'>arte</span> <span class='ocrx_word' id='word_1_55' title='bbox 1769 1012 1813 1052; x_wconf 91' lang='lat' dir='ltr'>in</span> <span class='ocrx_word' id='word_1_56' title='bbox 1835 1026 1933 1067; x_wconf 85' lang='lat' dir='ltr'>per-</span> 
     </span>
     <span class='ocr_line' id='line_1_10' title="bbox 531 1086 1356 1128; baseline -0.001 0"><span class='ocrx_word' id='word_1_57' title='bbox 531 1101 739 1128; x_wconf 87' lang='lat' dir='ltr'>sonarum</span> <span class='ocrx_word' id='word_1_58' title='bbox 771 1087 1039 1127; x_wconf 75' lang='lat' dir='ltr'>tractatione</span> <span class='ocrx_word' id='word_1_59' title='bbox 1073 1086 1356 1127; x_wconf 79' lang='lat' dir='ltr'>disseremus.</span> 
     </span>
    </p>
   </div>
   <div class='ocr_carea' id='block_1_4' title="bbox 530 1179 1937 2378">
    <p class='ocr_par' dir='ltr' id='par_1_4' title="bbox 530 1179 1937 2378">
     <span class='ocr_line' id='line_1_11' title="bbox 648 1179 1932 1237; baseline 0.002 -18"><span class='ocrx_word' id='word_1_60' title='bbox 648 1179 761 1221; x_wconf 84' lang='lat' dir='ltr'>Inde</span> <span class='ocrx_word' id='word_1_61' title='bbox 780 1180 1066 1221; x_wconf 81' lang='lat' dir='ltr'>transibimus</span> <span class='ocrx_word' id='word_1_62' title='bbox 1095 1180 1151 1220; x_wconf 85' lang='lat' dir='ltr'>ad</span> <span class='ocrx_word' id='word_1_63' title='bbox 1170 1180 1308 1221; x_wconf 86' lang='lat' dir='ltr'>Rhesi</span> <span class='ocrx_word' id='word_1_64' title='bbox 1326 1186 1465 1222; x_wconf 87' lang='lat' dir='ltr'>metra</span> <span class='ocrx_word' id='word_1_65' title='bbox 1482 1195 1721 1237; x_wconf 83' lang='lat' dir='ltr'>genusque</span> <span class='ocrx_word' id='word_1_66' title='bbox 1742 1182 1932 1234; x_wconf 85' lang='lat' dir='ltr'>dicendi,</span> 
     </span>
     <span class='ocr_line' id='line_1_12' title="bbox 534 1255 1933 1311; baseline 0.001 -15"><span class='ocrx_word' id='word_1_67' title='bbox 534 1260 576 1297; x_wconf 92' lang='lat' dir='ltr'>et</span> <span class='ocrx_word' id='word_1_68' title='bbox 610 1255 742 1296; x_wconf 86' lang='lat' dir='ltr'>finem</span> <span class='ocrx_word' id='word_1_69' title='bbox 775 1256 989 1297; x_wconf 83' lang='lat' dir='ltr'>faciemus</span> <span class='ocrx_word' id='word_1_70' title='bbox 1024 1257 1318 1310; x_wconf 88' lang='lat' dir='ltr'>inquirendo,</span> <span class='ocrx_word' id='word_1_71' title='bbox 1358 1258 1464 1311; x_wconf 87' lang='lat' dir='ltr'>quid</span> <span class='ocrx_word' id='word_1_72' title='bbox 1504 1258 1549 1298; x_wconf 89' lang='lat' dir='ltr'>in</span> <span class='ocrx_word' id='word_1_73' title='bbox 1583 1258 1844 1298; x_wconf 85' lang='lat' dir='ltr'>universum</span> <span class='ocrx_word' id='word_1_74' title='bbox 1879 1258 1933 1298; x_wconf 87' lang='lat' dir='ltr'>de</span> 
     </span>
     <span class='ocr_line' id='line_1_13' title="bbox 534 1332 1932 1389; baseline 0.001 -16"><span class='ocrx_word' id='word_1_75' title='bbox 534 1333 765 1387; x_wconf 80' lang='lat' dir='ltr'>tragoedia</span> <span class='ocrx_word' id='word_1_76' title='bbox 800 1333 853 1374; x_wconf 89' lang='lat' dir='ltr'>sit</span> <span class='ocrx_word' id='word_1_77' title='bbox 884 1332 1128 1373; x_wconf 86' lang='lat' dir='ltr'>iudicatum</span> <span class='ocrx_word' id='word_1_78' title='bbox 1160 1333 1555 1389; x_wconf 86' lang='lat' dir='ltr'>iudicandumque,</span> <span class='ocrx_word' id='word_1_79' title='bbox 1590 1334 1694 1388; x_wconf 88' lang='lat' dir='ltr'>quid</span> <span class='ocrx_word' id='word_1_80' title='bbox 1721 1333 1774 1374; x_wconf 91' lang='lat' dir='ltr'>de</span> <span class='ocrx_word' id='word_1_81' title='bbox 1799 1335 1932 1388; x_wconf 87' lang='lat' dir='ltr'>scrip-</span> 
     </span>
     <span class='ocr_line' id='line_1_14' title="bbox 531 1410 1932 1465; baseline 0 -15"><span class='ocrx_word' id='word_1_82' title='bbox 531 1413 644 1462; x_wconf 88' lang='lat' dir='ltr'>tore,</span> <span class='ocrx_word' id='word_1_83' title='bbox 680 1410 845 1464; x_wconf 90' lang='lat' dir='ltr'>quidde</span> <span class='ocrx_word' id='word_1_84' title='bbox 880 1414 1080 1464; x_wconf 85' lang='lat' dir='ltr'>tempore</span> <span class='ocrx_word' id='word_1_85' title='bbox 1115 1424 1201 1465; x_wconf 89' lang='lat' dir='ltr'>quo</span> <span class='ocrx_word' id='word_1_86' title='bbox 1236 1410 1391 1451; x_wconf 85' lang='lat' dir='ltr'>sabula</span> <span class='ocrx_word' id='word_1_87' title='bbox 1435 1410 1598 1465; x_wconf 85' lang='lat' dir='ltr'>scripta</span> <span class='ocrx_word' id='word_1_88' title='bbox 1631 1411 1703 1452; x_wconf 80' lang='lat' dir='ltr'>vel</span> <span class='ocrx_word' id='word_1_89' title='bbox 1736 1415 1835 1451; x_wconf 87' lang='lat' dir='ltr'>acta</span> <span class='ocrx_word' id='word_1_90' title='bbox 1866 1411 1932 1451; x_wconf 83' lang='lat' dir='ltr'>sit.</span> 
     </span>
     <span class='ocr_line' id='line_1_15' title="bbox 535 1486 1933 1542; baseline 0.001 -16"><span class='ocrx_word' id='word_1_91' title='bbox 535 1512 587 1515; x_wconf 90' lang='lat'><strong>—</strong></span> <span class='ocrx_word' id='word_1_92' title='bbox 622 1486 675 1526; x_wconf 87' lang='lat' dir='ltr'>In</span> <span class='ocrx_word' id='word_1_93' title='bbox 708 1487 846 1541; x_wconf 85' lang='lat' dir='ltr'>primo</span> <span class='ocrx_word' id='word_1_94' title='bbox 882 1490 1062 1527; x_wconf 86' lang='lat' dir='ltr'>nostrae</span> <span class='ocrx_word' id='word_1_95' title='bbox 1096 1486 1280 1527; x_wconf 86' lang='lat' dir='ltr'>fabulae</span> <span class='ocrx_word' id='word_1_96' title='bbox 1325 1491 1587 1541; x_wconf 82' lang='lat' dir='ltr'>argumento</span> <span class='ocrx_word' id='word_1_97' title='bbox 1619 1490 1719 1542; x_wconf 84' lang='lat' dir='ltr'>post</span> <span class='ocrx_word' id='word_1_98' title='bbox 1752 1487 1933 1528; x_wconf 82' lang='lat' dir='ltr'>brevem</span> 
     </span>
     <span class='ocr_line' id='line_1_16' title="bbox 532 1558 1936 1617; baseline 0 -15"><span class='ocrx_word' id='word_1_99' title='bbox 532 1561 739 1603; x_wconf 86' lang='lat' dir='ltr'>dramatis</span> <span class='ocrx_word' id='word_1_100' title='bbox 777 1562 1102 1616; x_wconf 78' lang='lat' dir='ltr'>expositionem</span> <span class='ocrx_word' id='word_1_101' title='bbox 1134 1562 1245 1603; x_wconf 86' lang='lat' dir='ltr'>haec</span> <span class='ocrx_word' id='word_1_102' title='bbox 1278 1562 1515 1617; x_wconf 84' lang='lat' dir='ltr'>leguntur:</span> <span class='ocrx_word' id='word_1_103' title='bbox 1554 1563 1673 1603; x_wconf 73' lang='grc' dir='ltr'>τοῦτο</span> <span class='ocrx_word' id='word_1_104' title='bbox 1715 1558 1760 1603; x_wconf 78' lang='grc' dir='ltr'>τὸ</span> <span class='ocrx_word' id='word_1_105' title='bbox 1801 1564 1936 1616; x_wconf 78' lang='grc' dir='ltr'>δρᾶμα</span> 
     </span>
     <span class='ocr_line' id='line_1_17' title="bbox 530 1633 1934 1697; baseline 0.001 -18"><span class='ocrx_word' id='word_1_106' title='bbox 530 1636 623 1679; x_wconf 71' lang='grc' dir='ltr'>ἔνιοι</span> <span class='ocrx_word' id='word_1_107' title='bbox 659 1636 780 1681; x_wconf 53' lang='grc' dir='ltr'>νόῇον</span> <span class='ocrx_word' id='word_1_108' title='bbox 824 1633 1047 1692; x_wconf 77' lang='grc' dir='ltr'>ὑπενόησαν</span> <span class='ocrx_word' id='word_1_109' title='bbox 1093 1636 1308 1697; x_wconf 20' lang='grc' dir='ltr'>Εὐριπίδου,</span> <span class='ocrx_word' id='word_1_110' title='bbox 1336 1638 1378 1680; x_wconf 79' lang='grc' dir='ltr'>δὲ</span> <span class='ocrx_word' id='word_1_111' title='bbox 1410 1637 1466 1694; x_wconf 81' lang='grc' dir='ltr'>μὴ</span> <span class='ocrx_word' id='word_1_112' title='bbox 1501 1633 1610 1680; x_wconf 79' lang='grc' dir='ltr'>εἶναι.</span> <span class='ocrx_word' id='word_1_113' title='bbox 1643 1635 1711 1680; x_wconf 80' lang='grc' dir='ltr'>τὸν</span> <span class='ocrx_word' id='word_1_114' title='bbox 1741 1636 1817 1693; x_wconf 75' lang='grc' dir='ltr'>γὰρ</span> <span class='ocrx_word' id='word_1_115' title='bbox 1858 1642 1934 1680; x_wconf 81' lang='grc' dir='ltr'>Σο-</span> 
     </span>
     <span class='ocr_line' id='line_1_18' title="bbox 530 1709 1934 1769; baseline 0.001 -15"><span class='ocrx_word' id='word_1_116' title='bbox 530 1712 714 1769; x_wconf 73' lang='grc' dir='ltr'>φόκλειον</span> <span class='ocrx_word' id='word_1_117' title='bbox 746 1716 898 1768; x_wconf 84' lang='grc' dir='ltr'>μᾶλλον</span> <span class='ocrx_word' id='word_1_118' title='bbox 921 1709 1128 1769; x_wconf 77' lang='grc' dir='ltr'>ὑποφαίνει</span> <span class='ocrx_word' id='word_1_119' title='bbox 1158 1717 1411 1769; x_wconf 67' lang='grc' dir='ltr'>χαρακτῆρα.</span> <span class='ocrx_word' id='word_1_120' title='bbox 1450 1715 1488 1755; x_wconf 79' lang='grc' dir='ltr'>ἐν</span> <span class='ocrx_word' id='word_1_121' title='bbox 1518 1716 1653 1769; x_wconf 67' lang='grc' dir='ltr'>μέντοι</span> <span class='ocrx_word' id='word_1_122' title='bbox 1683 1719 1774 1762; x_wconf 80' lang='grc' dir='ltr'>ταῖς</span> <span class='ocrx_word' id='word_1_123' title='bbox 1805 1717 1934 1756; x_wconf 75' lang='grc' dir='ltr'>διδασ-</span> 
     </span>
     <span class='ocr_line' id='line_1_19' title="bbox 531 1785 1937 1845; baseline 0 -15"><span class='ocrx_word' id='word_1_124' title='bbox 531 1788 691 1837; x_wconf 71' lang='grc' dir='ltr'>καλίαις</span> <span class='ocrx_word' id='word_1_125' title='bbox 724 1785 775 1837; x_wconf 76' lang='grc' dir='ltr'>ὦς</span> <span class='ocrx_word' id='word_1_126' title='bbox 804 1788 964 1845; x_wconf 74' lang='grc' dir='ltr'>γνήσιον</span> <span class='ocrx_word' id='word_1_127' title='bbox 998 1787 1312 1845; x_wconf 77' lang='grc' dir='ltr'>ἀναγέγραπται,</span> <span class='ocrx_word' id='word_1_128' title='bbox 1356 1789 1426 1831; x_wconf 81' lang='grc' dir='ltr'>καὶ</span> <span class='ocrx_word' id='word_1_129' title='bbox 1465 1785 1490 1844; x_wconf 73' lang='grc' dir='ltr'>ἦ</span> <span class='ocrx_word' id='word_1_130' title='bbox 1530 1789 1617 1845; x_wconf 77' lang='grc' dir='ltr'>περὶ</span> <span class='ocrx_word' id='word_1_131' title='bbox 1648 1786 1701 1831; x_wconf 80' lang='grc' dir='ltr'>τὰ</span> <span class='ocrx_word' id='word_1_132' title='bbox 1740 1788 1937 1844; x_wconf 75' lang='grc' dir='ltr'>μετάρσια</span> 
     </span>
     <span class='ocr_line' id='line_1_20' title="bbox 532 1861 1934 1923; baseline -0.001 -16"><span class='ocrx_word' id='word_1_133' title='bbox 532 1865 574 1907; x_wconf 78' lang='grc' dir='ltr'>δὲ</span> <span class='ocrx_word' id='word_1_134' title='bbox 606 1865 644 1907; x_wconf 83' lang='grc' dir='ltr'>ἐν</span> <span class='ocrx_word' id='word_1_135' title='bbox 683 1863 790 1923; x_wconf 78' lang='grc' dir='ltr'>αὐτῷ</span> <span class='ocrx_word' id='word_1_136' title='bbox 826 1864 1185 1921; x_wconf 74' lang='grc' dir='ltr'>πολυπραγμοσύνη</span> <span class='ocrx_word' id='word_1_137' title='bbox 1217 1862 1286 1907; x_wconf 78' lang='grc' dir='ltr'>τὸν</span> <span class='ocrx_word' id='word_1_138' title='bbox 1325 1864 1540 1921; x_wconf 69' lang='grc' dir='ltr'>Εὐριπίδην</span> <span class='ocrx_word' id='word_1_139' title='bbox 1582 1861 1775 1921; x_wconf 72' lang='grc' dir='ltr'>ὁμολογεῖ.</span> <span class='ocrx_word' id='word_1_140' title='bbox 1822 1880 1934 1920; x_wconf 86' lang='lat' dir='ltr'>quae</span> 
     </span>
     <span class='ocr_line' id='line_1_21' title="bbox 532 1937 1935 1997; baseline -0.001 -14"><span class='ocrx_word' id='word_1_141' title='bbox 532 1942 671 1983; x_wconf 89' lang='lat' dir='ltr'>verba</span> <span class='ocrx_word' id='word_1_142' title='bbox 704 1942 779 1982; x_wconf 88' lang='lat' dir='ltr'>alii</span> <span class='ocrx_word' id='word_1_143' title='bbox 812 1942 941 1983; x_wconf 89' lang='lat' dir='ltr'>aliter</span> <span class='ocrx_word' id='word_1_144' title='bbox 972 1942 1255 1996; x_wconf 86' lang='lat' dir='ltr'>interpretati</span> <span class='ocrx_word' id='word_1_145' title='bbox 1278 1947 1394 1983; x_wconf 86' lang='lat' dir='ltr'>sunt.</span> <span class='ocrx_word' id='word_1_146' title='bbox 1427 1941 1547 1984; x_wconf 66' lang='lat' dir='ltr'>v6‘250v</span> <span class='ocrx_word' id='word_1_147' title='bbox 1572 1937 1808 1997; x_wconf 75' lang='grc' dir='ltr'>ὑπενόησαν,</span> <span class='ocrx_word' id='word_1_148' title='bbox 1841 1957 1935 1982; x_wconf 89' lang='lat' dir='ltr'>sus-</span> 
     </span>
     <span class='ocr_line' id='line_1_22' title="bbox 531 2018 1934 2073; baseline -0.001 -14"><span class='ocrx_word' id='word_1_149' title='bbox 531 2019 749 2073; x_wconf 88' lang='lat' dir='ltr'>picionem</span> <span class='ocrx_word' id='word_1_150' title='bbox 783 2022 1020 2061; x_wconf 84' lang='lat' dir='ltr'>moverunt</span> <span class='ocrx_word' id='word_1_151' title='bbox 1055 2019 1108 2060; x_wconf 91' lang='lat' dir='ltr'>de</span> <span class='ocrx_word' id='word_1_152' title='bbox 1145 2018 1366 2071; x_wconf 79' lang='lat' dir='ltr'>dramate,</span> <span class='ocrx_word' id='word_1_153' title='bbox 1399 2018 1643 2073; x_wconf 83' lang='lat' dir='ltr'>genuinum</span> <span class='ocrx_word' id='word_1_154' title='bbox 1677 2032 1772 2058; x_wconf 90' lang='lat' dir='ltr'>esse</span> <span class='ocrx_word' id='word_1_155' title='bbox 1807 2018 1934 2059; x_wconf 88' lang='lat' dir='ltr'>dubi-</span> 
     </span>
     <span class='ocr_line' id='line_1_23' title="bbox 530 2089 1935 2150; baseline -0.001 -14"><span class='ocrx_word' id='word_1_156' title='bbox 530 2099 692 2147; x_wconf 87' lang='lat' dir='ltr'>tantes,</span> <span class='ocrx_word' id='word_1_157' title='bbox 725 2095 836 2136; x_wconf 88' lang='lat' dir='ltr'>nihil</span> <span class='ocrx_word' id='word_1_158' title='bbox 871 2095 993 2136; x_wconf 88' lang='lat' dir='ltr'>aliud</span> <span class='ocrx_word' id='word_1_159' title='bbox 1027 2099 1211 2150; x_wconf 85' lang='lat' dir='ltr'>apparet</span> <span class='ocrx_word' id='word_1_160' title='bbox 1244 2109 1299 2135; x_wconf 77' lang='lat' dir='ltr'>ex</span> <span class='ocrx_word' id='word_1_161' title='bbox 1333 2095 1401 2135; x_wconf 90' lang='lat' dir='ltr'>his</span> <span class='ocrx_word' id='word_1_162' title='bbox 1427 2095 1590 2136; x_wconf 86' lang='lat' dir='ltr'>verbis.</span> <span class='ocrx_word' id='word_1_163' title='bbox 1624 2092 1703 2135; x_wconf 76' lang='grc' dir='ltr'>Τὸν</span> <span class='ocrx_word' id='word_1_164' title='bbox 1733 2089 1810 2147; x_wconf 79' lang='grc' dir='ltr'>γὰρ</span> <span class='ocrx_word' id='word_1_165' title='bbox 1833 2097 1935 2149; x_wconf 82' lang='grc' dir='ltr'>Σοφ.</span> 
     </span>
     <span class='ocr_line' id='line_1_24' title="bbox 532 2170 1934 2226; baseline -0.001 -14"><span class='ocrx_word' id='word_1_166' title='bbox 532 2173 648 2225; x_wconf 83' lang='grc' dir='ltr'>μαλλ.</span> <span class='ocrx_word' id='word_1_167' title='bbox 679 2173 779 2212; x_wconf 76' lang='grc' dir='ltr'>κτλ.</span> <span class='ocrx_word' id='word_1_168' title='bbox 799 2202 808 2212; x_wconf 88' lang='grc'><strong>.</strong></span> <span class='ocrx_word' id='word_1_169' title='bbox 827 2203 835 2211; x_wconf 90' lang='grc'><strong>.</strong></span> <span class='ocrx_word' id='word_1_170' title='bbox 855 2203 862 2211; x_wconf 91' lang='grc'><strong>.</strong></span> <span class='ocrx_word' id='word_1_171' title='bbox 886 2202 926 2212; x_wconf 90' lang='grc'>..</span> <span class='ocrx_word' id='word_1_172' title='bbox 961 2170 1258 2226; x_wconf 69' lang='lat' dir='ltr'>Sophocleum</span> <span class='ocrx_word' id='word_1_173' title='bbox 1292 2171 1407 2211; x_wconf 89' lang='lat' dir='ltr'>enim</span> <span class='ocrx_word' id='word_1_174' title='bbox 1449 2171 1589 2225; x_wconf 81' lang='lat' dir='ltr'>magis</span> <span class='ocrx_word' id='word_1_175' title='bbox 1624 2172 1775 2225; x_wconf 87' lang='lat' dir='ltr'>(quam</span> <span class='ocrx_word' id='word_1_176' title='bbox 1806 2170 1934 2211; x_wconf 88' lang='lat' dir='ltr'>Euri-</span> 
     </span>
     <span class='ocr_line' id='line_1_25' title="bbox 531 2247 1936 2303; baseline 0 -15"><span class='ocrx_word' id='word_1_177' title='bbox 531 2247 725 2303; x_wconf 86' lang='lat' dir='ltr'>pideam)</span> <span class='ocrx_word' id='word_1_178' title='bbox 760 2247 947 2288; x_wconf 87' lang='lat' dir='ltr'>formam</span> <span class='ocrx_word' id='word_1_179' title='bbox 979 2247 1173 2299; x_wconf 88' lang='lat' dir='ltr'>habere,</span> <span class='ocrx_word' id='word_1_180' title='bbox 1219 2247 1396 2287; x_wconf 89' lang='lat' dir='ltr'>minime</span> <span class='ocrx_word' id='word_1_181' title='bbox 1429 2261 1549 2299; x_wconf 83' lang='lat' dir='ltr'>vero,</span> <span class='ocrx_word' id='word_1_182' title='bbox 1591 2251 1640 2288; x_wconf 92' lang='lat' dir='ltr'>ut</span> <span class='ocrx_word' id='word_1_183' title='bbox 1671 2247 1936 2302; x_wconf 81' lang='lat' dir='ltr'>interpreta-</span> 
     </span>
     <span class='ocr_line' id='line_1_26' title="bbox 532 2322 1679 2378; baseline -0.001 -14"><span class='ocrx_word' id='word_1_184' title='bbox 532 2328 605 2364; x_wconf 86' lang='lat' dir='ltr'>tur</span> <span class='ocrx_word' id='word_1_185' title='bbox 639 2322 882 2378; x_wconf 79' lang='lat' dir='ltr'>Gruppius,</span> <span class='ocrx_word' id='word_1_186' title='bbox 916 2323 1185 2378; x_wconf 77' lang='lat' dir='ltr'>Sophoclem</span> <span class='ocrx_word' id='word_1_187' title='bbox 1219 2326 1448 2364; x_wconf 83' lang='lat' dir='ltr'>auctorem</span> <span class='ocrx_word' id='word_1_188' title='bbox 1482 2337 1593 2363; x_wconf 89' lang='lat' dir='ltr'>esse.</span> <span class='ocrx_word' id='word_1_189' title='bbox 1628 2349 1679 2352; x_wconf 82' lang='lat'><em>-</em></span> 
     </span>
    </p>
   </div>
   <div class='ocr_carea' id='block_1_5' title="bbox 535 2416 1934 2547">
    <p class='ocr_par' dir='ltr' id='par_1_5' title="bbox 535 2416 1934 2547">
     <span class='ocr_line' id='line_1_27' title="bbox 649 2416 1934 2472; baseline -0.001 -15"><span class='ocrx_word' id='word_1_190' title='bbox 649 2416 845 2457; x_wconf 90' lang='lat' dir='ltr'>Primum</span> <span class='ocrx_word' id='word_1_191' title='bbox 888 2420 1037 2457; x_wconf 85' lang='lat' dir='ltr'>autem</span> <span class='ocrx_word' id='word_1_192' title='bbox 1074 2416 1324 2469; x_wconf 87' lang='lat' dir='ltr'>videamus,</span> <span class='ocrx_word' id='word_1_193' title='bbox 1370 2417 1467 2472; x_wconf 88' lang='lat' dir='ltr'>quis</span> <span class='ocrx_word' id='word_1_194' title='bbox 1514 2417 1569 2457; x_wconf 89' lang='lat' dir='ltr'>sit</span> <span class='ocrx_word' id='word_1_195' title='bbox 1611 2417 1771 2458; x_wconf 83' lang='lat' dir='ltr'>horum</span> <span class='ocrx_word' id='word_1_196' title='bbox 1805 2431 1934 2471; x_wconf 86' lang='lat' dir='ltr'>argu-</span> 
     </span>
     <span class='ocr_line' id='line_1_28' title="bbox 535 2493 1736 2547; baseline 0 -14"><span class='ocrx_word' id='word_1_197' title='bbox 535 2497 790 2534; x_wconf 87' lang='lat' dir='ltr'>mentorum</span> <span class='ocrx_word' id='word_1_198' title='bbox 826 2497 996 2546; x_wconf 86' lang='lat' dir='ltr'>auctor,</span> <span class='ocrx_word' id='word_1_199' title='bbox 1030 2493 1105 2547; x_wconf 86' lang='lat' dir='ltr'>qui</span> <span class='ocrx_word' id='word_1_200' title='bbox 1138 2493 1300 2546; x_wconf 88' lang='lat' dir='ltr'>sontes,</span> <span class='ocrx_word' id='word_1_201' title='bbox 1335 2507 1448 2547; x_wconf 89' lang='lat' dir='ltr'>quae</span> <span class='ocrx_word' id='word_1_202' title='bbox 1483 2493 1736 2534; x_wconf 79' lang='lat' dir='ltr'>auctoritas.</span> 
     </span>
    </p>
   </div>
   <div class='ocr_carea' id='block_1_6' title="bbox 536 2586 1936 2705">
    <p class='ocr_par' dir='ltr' id='par_1_6' title="bbox 536 2586 1936 2705">
     <span class='ocr_line' id='line_1_29' title="bbox 651 2586 1935 2642; baseline -0.001 -15"><span class='ocrx_word' id='word_1_203' title='bbox 651 2586 765 2627; x_wconf 79' lang='lat' dir='ltr'>Satis</span> <span class='ocrx_word' id='word_1_204' title='bbox 804 2590 983 2639; x_wconf 88' lang='lat' dir='ltr'>notum,</span> <span class='ocrx_word' id='word_1_205' title='bbox 1032 2587 1078 2627; x_wconf 88' lang='lat' dir='ltr'>in</span> <span class='ocrx_word' id='word_1_206' title='bbox 1122 2586 1427 2628; x_wconf 87' lang='lat' dir='ltr'>fundamentis</span> <span class='ocrx_word' id='word_1_207' title='bbox 1473 2587 1719 2642; x_wconf 89' lang='lat' dir='ltr'>tripodum,</span> <span class='ocrx_word' id='word_1_208' title='bbox 1760 2590 1935 2641; x_wconf 86' lang='lat' dir='ltr'>tragoe-</span> 
     </span>
     <span class='ocr_line' id='line_1_30' title="bbox 536 2662 1936 2705; baseline 0 -2"><span class='ocrx_word' id='word_1_209' title='bbox 536 2663 706 2703; x_wconf 85' lang='lat' dir='ltr'>diarum</span> <span class='ocrx_word' id='word_1_210' title='bbox 726 2663 971 2704; x_wconf 88' lang='lat' dir='ltr'>victoribus</span> <span class='ocrx_word' id='word_1_211' title='bbox 999 2663 1267 2705; x_wconf 88' lang='lat' dir='ltr'>tributorum</span> <span class='ocrx_word' id='word_1_212' title='bbox 1296 2663 1498 2704; x_wconf 86' lang='lat' dir='ltr'>fabulam</span> <span class='ocrx_word' id='word_1_213' title='bbox 1522 2662 1798 2704; x_wconf 88' lang='lat' dir='ltr'>Archontem</span> <span class='ocrx_word' id='word_1_214' title='bbox 1823 2662 1936 2703; x_wconf 88' lang='lat' dir='ltr'>diem</span> 
     </span>
    </p>
   </div>
   <div class='ocr_carea' id='block_1_7' title="bbox 533 2740 1936 2858">
    <p class='ocr_par' dir='ltr' id='par_1_7' title="bbox 533 2740 1936 2858">
     <span class='ocr_line' id='line_1_31' title="bbox 534 2740 1936 2796; baseline -0.001 -15"><span class='ocrx_word' id='word_1_215' title='bbox 534 2741 698 2782; x_wconf 86' lang='lat' dir='ltr'>festum</span> <span class='ocrx_word' id='word_1_216' title='bbox 740 2742 986 2796; x_wconf 82' lang='lat' dir='ltr'>choragum</span> <span class='ocrx_word' id='word_1_217' title='bbox 1022 2744 1199 2795; x_wconf 87' lang='lat' dir='ltr'>poetam</span> <span class='ocrx_word' id='word_1_218' title='bbox 1253 2744 1294 2782; x_wconf 91' lang='lat' dir='ltr'>et</span> <span class='ocrx_word' id='word_1_219' title='bbox 1342 2740 1533 2782; x_wconf 86' lang='lat' dir='ltr'>fortasse</span> <span class='ocrx_word' id='word_1_220' title='bbox 1582 2740 1936 2796; x_wconf 82' lang='lat' dir='ltr'>protagonistam</span> 
     </span>
     <span class='ocr_line' id='line_1_32' title="bbox 533 2816 898 2858; baseline 0.003 -1"><span class='ocrx_word' id='word_1_221' title='bbox 533 2820 711 2858; x_wconf 87' lang='lat' dir='ltr'>notatos</span> <span class='ocrx_word' id='word_1_222' title='bbox 744 2816 898 2858; x_wconf 88' lang='lat' dir='ltr'>fuisse.</span> 
     </span>
    </p>
   </div>
  </div>
 </body>
</html>
