<?xml version="1.0" encoding="UTF-8"?>
<!DOCTYPE html PUBLIC "-//W3C//DTD XHTML 1.0 Transitional//EN"
    "http://www.w3.org/TR/xhtml1/DTD/xhtml1-transitional.dtd">
<html xmlns="http://www.w3.org/1999/xhtml" xml:lang="en" lang="en">
 <head>
  <title>
</title>
<meta http-equiv="Content-Type" content="text/html;charset=utf-8" />
  <meta name='ocr-system' content='tesseract 3.04.00' />
  <meta name='ocr-capabilities' content='ocr_page ocr_carea ocr_par ocr_line ocrx_word'/>
</head>
<body>
  <div class='ocr_page' id='page_1' title='image "./derhesotragoedia00hageuoft_0026.png"; bbox 0 0 2238 3418; ppageno 0'>
   <div class='ocr_carea' id='block_1_1' title="bbox 1122 335 1410 376">
    <p class='ocr_par' dir='ltr' id='par_1_1' title="bbox 1122 335 1410 376">
     <span class='ocr_line' id='line_1_1' title="bbox 1122 335 1410 376; baseline 0 -13"><span class='ocrx_word' id='word_1_1' title='bbox 1122 335 1410 376; x_wconf 64' lang='lat'><strong>—222—</strong></span> 
     </span>
    </p>
   </div>
   <div class='ocr_carea' id='block_1_2' title="bbox 555 445 1962 868">
    <p class='ocr_par' dir='ltr' id='par_1_2' title="bbox 555 445 1962 868">
     <span class='ocr_line' id='line_1_2' title="bbox 676 445 1962 508; baseline 0.006 -21"><span class='ocrx_word' id='word_1_2' title='bbox 676 445 823 488; x_wconf 84' lang='lat' dir='ltr'><strong>Etiam</strong></span> <span class='ocrx_word' id='word_1_3' title='bbox 862 448 981 502; x_wconf 89' lang='lat' dir='ltr'><strong>apud</strong></span> <span class='ocrx_word' id='word_1_4' title='bbox 1022 448 1266 490; x_wconf 83' lang='lat' dir='ltr'>Homerum</span> <span class='ocrx_word' id='word_1_5' title='bbox 1310 449 1425 490; x_wconf 90' lang='lat' dir='ltr'><strong>Dolo</strong></span> <span class='ocrx_word' id='word_1_6' title='bbox 1469 451 1661 506; x_wconf 88' lang='lat' dir='ltr'><strong>pretium</strong></span> <span class='ocrx_word' id='word_1_7' title='bbox 1701 454 1962 508; x_wconf 85' lang='lat' dir='ltr'><strong>speculandi</strong></span> 
     </span>
     <span class='ocr_line' id='line_1_3' title="bbox 558 523 1958 579; baseline 0.006 -16"><span class='ocrx_word' id='word_1_8' title='bbox 558 523 642 564; x_wconf 89' lang='lat' dir='ltr'><strong>sibi</strong></span> <span class='ocrx_word' id='word_1_9' title='bbox 661 523 805 578; x_wconf 84' lang='lat' dir='ltr'><strong>poscit</strong></span> <span class='ocrx_word' id='word_1_10' title='bbox 829 537 967 579; x_wconf 90' lang='lat' dir='ltr'><strong>equos</strong></span> <span class='ocrx_word' id='word_1_11' title='bbox 986 524 1191 577; x_wconf 83' lang='lat' dir='ltr'><strong>Achillis,</strong></span> <span class='ocrx_word' id='word_1_12' title='bbox 1215 525 1293 567; x_wconf 91' lang='lat' dir='ltr'><strong>sed</strong></span> <span class='ocrx_word' id='word_1_13' title='bbox 1311 526 1583 568; x_wconf 81' lang='lat' dir='ltr'><strong>brevissimis</strong></span> <span class='ocrx_word' id='word_1_14' title='bbox 1606 528 1755 569; x_wconf 74' lang='lat' dir='ltr'><strong>verbis</strong></span> <span class='ocrx_word' id='word_1_15' title='bbox 1774 544 1838 570; x_wconf 88' lang='lat' dir='ltr'><strong>vs.</strong></span> <span class='ocrx_word' id='word_1_16' title='bbox 1857 531 1958 571; x_wconf 85' lang='lat'><strong>315.</strong></span> 
     </span>
     <span class='ocr_line' id='line_1_4' title="bbox 560 598 1961 657; baseline 0.006 -19"><span class='ocrx_word' id='word_1_17' title='bbox 560 598 697 653; x_wconf 83' lang='lat' dir='ltr'>Apud</span> <span class='ocrx_word' id='word_1_18' title='bbox 729 599 861 640; x_wconf 92' lang='lat' dir='ltr'><strong>Hom.</strong></span> <span class='ocrx_word' id='word_1_19' title='bbox 903 614 1002 641; x_wconf 88' lang='lat' dir='ltr'><strong>cum</strong></span> <span class='ocrx_word' id='word_1_20' title='bbox 1039 601 1158 656; x_wconf 92' lang='lat' dir='ltr'><strong>pelle</strong></span> <span class='ocrx_word' id='word_1_21' title='bbox 1201 601 1356 657; x_wconf 90' lang='lat' dir='ltr'><strong>lupina</strong></span> <span class='ocrx_word' id='word_1_22' title='bbox 1399 603 1584 644; x_wconf 88' lang='lat' dir='ltr'><strong>amictus</strong></span> <span class='ocrx_word' id='word_1_23' title='bbox 1622 619 1661 645; x_wconf 77' lang='grc' dir='ltr'><strong>κ.</strong></span> <span class='ocrx_word' id='word_1_24' title='bbox 1706 606 1789 644; x_wconf 80' lang='grc'><strong>334</strong></span> <span class='ocrx_word' id='word_1_25' title='bbox 1829 606 1961 647; x_wconf 86' lang='lat' dir='ltr'><strong>abeat</strong></span> 
     </span>
     <span class='ocr_line' id='line_1_5' title="bbox 562 673 1959 736; baseline 0.006 -22"><span class='ocrx_word' id='word_1_26' title='bbox 562 673 695 727; x_wconf 84' lang='lat' dir='ltr'><strong>Dolo,</strong></span> <span class='ocrx_word' id='word_1_27' title='bbox 726 675 895 731; x_wconf 87' lang='lat' dir='ltr'><strong>tragico</strong></span> <span class='ocrx_word' id='word_1_28' title='bbox 928 680 1050 717; x_wconf 85' lang='lat' dir='ltr'><strong>totus</strong></span> <span class='ocrx_word' id='word_1_29' title='bbox 1082 676 1129 717; x_wconf 91' lang='lat' dir='ltr'><strong>in</strong></span> <span class='ocrx_word' id='word_1_30' title='bbox 1162 677 1317 733; x_wconf 88' lang='lat' dir='ltr'><strong>lupum</strong></span> <span class='ocrx_word' id='word_1_31' title='bbox 1348 692 1393 719; x_wconf 92' lang='lat' dir='ltr'><strong>se</strong></span> <span class='ocrx_word' id='word_1_32' title='bbox 1417 680 1636 720; x_wconf 75' lang='lat' dir='ltr'><strong>convertit</strong></span> <span class='ocrx_word' id='word_1_33' title='bbox 1660 681 1959 736; x_wconf 80' lang='lat' dir='ltr'><strong>quadrupedis</strong></span> 
     </span>
     <span class='ocr_line' id='line_1_6' title="bbox 559 750 1961 807; baseline 0.006 -17"><span class='ocrx_word' id='word_1_34' title='bbox 559 750 712 803; x_wconf 81' lang='lat' dir='ltr'><strong>modo,</strong></span> <span class='ocrx_word' id='word_1_35' title='bbox 758 751 876 806; x_wconf 90' lang='lat' dir='ltr'><strong>quod</strong></span> <span class='ocrx_word' id='word_1_36' title='bbox 921 753 1098 807; x_wconf 80' lang='lat' dir='ltr'><strong>egregie</strong></span> <span class='ocrx_word' id='word_1_37' title='bbox 1140 753 1375 795; x_wconf 72' lang='lat' dir='ltr'><strong>inventum</strong></span> <span class='ocrx_word' id='word_1_38' title='bbox 1414 756 1592 796; x_wconf 90' lang='lat' dir='ltr'><strong>summis</strong></span> <span class='ocrx_word' id='word_1_39' title='bbox 1633 756 1794 798; x_wconf 84' lang='lat' dir='ltr'><strong>chorus</strong></span> <span class='ocrx_word' id='word_1_40' title='bbox 1836 758 1961 799; x_wconf 83' lang='lat' dir='ltr'><strong>effert</strong></span> 
     </span>
     <span class='ocr_line' id='line_1_7' title="bbox 555 826 781 868; baseline 0.004 -2"><span class='ocrx_word' id='word_1_41' title='bbox 555 826 781 868; x_wconf 81' lang='lat' dir='ltr'><strong>laudibus.</strong></span> 
     </span>
    </p>
   </div>
   <div class='ocr_carea' id='block_1_3' title="bbox 556 913 1962 1121">
    <p class='ocr_par' dir='ltr' id='par_1_3' title="bbox 556 913 1962 1121">
     <span class='ocr_line' id='line_1_8' title="bbox 673 913 1962 973; baseline 0.005 -19"><span class='ocrx_word' id='word_1_42' title='bbox 673 913 840 955; x_wconf 81' lang='lat' dir='ltr'><strong>Nuncii</strong></span> <span class='ocrx_word' id='word_1_43' title='bbox 881 913 935 955; x_wconf 88' lang='lat' dir='ltr'><strong>de</strong></span> <span class='ocrx_word' id='word_1_44' title='bbox 968 913 1122 956; x_wconf 89' lang='lat' dir='ltr'><strong>Rheso</strong></span> <span class='ocrx_word' id='word_1_45' title='bbox 1163 916 1350 972; x_wconf 88' lang='lat' dir='ltr'><strong>eiusque</strong></span> <span class='ocrx_word' id='word_1_46' title='bbox 1391 917 1516 973; x_wconf 90' lang='lat' dir='ltr'><strong>equis</strong></span> <span class='ocrx_word' id='word_1_47' title='bbox 1556 923 1599 958; x_wconf 86' lang='lat' dir='ltr'><strong>et</strong></span> <span class='ocrx_word' id='word_1_48' title='bbox 1632 919 1761 959; x_wconf 90' lang='lat' dir='ltr'><strong>armis</strong></span> <span class='ocrx_word' id='word_1_49' title='bbox 1794 932 1850 960; x_wconf 76' lang='lat' dir='ltr'><strong>ex</strong></span> <span class='ocrx_word' id='word_1_50' title='bbox 1883 919 1962 960; x_wconf 92' lang='lat' dir='ltr'><strong>ho-</strong></span> 
     </span>
     <span class='ocr_line' id='line_1_9' title="bbox 559 989 1961 1036; baseline 0.005 -7"><span class='ocrx_word' id='word_1_51' title='bbox 559 989 734 1030; x_wconf 88' lang='lat' dir='ltr'><strong>mericis</strong></span> <span class='ocrx_word' id='word_1_52' title='bbox 771 994 938 1030; x_wconf 89' lang='lat' dir='ltr'><strong>sumta:</strong></span> <span class='ocrx_word' id='word_1_53' title='bbox 974 990 1029 1031; x_wconf 86' lang='lat' dir='ltr'><strong>cf.</strong></span> <span class='ocrx_word' id='word_1_54' title='bbox 1064 992 1162 1032; x_wconf 87' lang='grc'><strong>304.</strong></span> <span class='ocrx_word' id='word_1_55' title='bbox 1201 991 1332 1033; x_wconf 91' lang='lat' dir='ltr'><strong>Hom.</strong></span> <span class='ocrx_word' id='word_1_56' title='bbox 1365 1008 1405 1033; x_wconf 78' lang='grc' dir='ltr'><strong>γ..</strong></span> <span class='ocrx_word' id='word_1_57' title='bbox 1437 994 1535 1034; x_wconf 86' lang='grc'><strong>437.</strong></span> <span class='ocrx_word' id='word_1_58' title='bbox 1578 994 1730 1035; x_wconf 84' lang='lat' dir='ltr'><strong>Horae</strong></span> <span class='ocrx_word' id='word_1_59' title='bbox 1765 995 1961 1036; x_wconf 80' lang='lat' dir='ltr'><strong>definitio</strong></span> 
     </span>
     <span class='ocr_line' id='line_1_10' title="bbox 556 1065 1108 1121; baseline 0.004 -15"><span class='ocrx_word' id='word_1_60' title='bbox 556 1067 638 1106; x_wconf 84' lang='grc'><strong>527</strong></span> <span class='ocrx_word' id='word_1_61' title='bbox 675 1080 739 1121; x_wconf 91' lang='lat' dir='ltr'><strong>sq.</strong></span> <span class='ocrx_word' id='word_1_62' title='bbox 772 1065 902 1107; x_wconf 87' lang='lat' dir='ltr'><strong>Hom.</strong></span> <span class='ocrx_word' id='word_1_63' title='bbox 936 1081 975 1107; x_wconf 82' lang='grc' dir='ltr'><strong>κ.</strong></span> <span class='ocrx_word' id='word_1_64' title='bbox 1010 1069 1108 1108; x_wconf 83' lang='grc'><strong>251.</strong></span> 
     </span>
    </p>
   </div>
   <div class='ocr_carea' id='block_1_4' title="bbox 555 1153 1962 1286">
    <p class='ocr_par' dir='ltr' id='par_1_4' title="bbox 555 1153 1962 1286">
     <span class='ocr_line' id='line_1_11' title="bbox 671 1153 1962 1213; baseline 0.005 -19"><span class='ocrx_word' id='word_1_65' title='bbox 671 1153 843 1195; x_wconf 87' lang='lat' dir='ltr'><strong>Eadem</strong></span> <span class='ocrx_word' id='word_1_66' title='bbox 899 1154 1017 1209; x_wconf 85' lang='lat' dir='ltr'><strong>apud</strong></span> <span class='ocrx_word' id='word_1_67' title='bbox 1073 1156 1246 1210; x_wconf 90' lang='lat' dir='ltr'><strong>epicum</strong></span> <span class='ocrx_word' id='word_1_68' title='bbox 1306 1161 1349 1198; x_wconf 82' lang='lat' dir='ltr'><strong>et</strong></span> <span class='ocrx_word' id='word_1_69' title='bbox 1396 1158 1514 1213; x_wconf 87' lang='lat' dir='ltr'><strong>apud</strong></span> <span class='ocrx_word' id='word_1_70' title='bbox 1559 1158 1776 1213; x_wconf 89' lang='lat' dir='ltr'><strong>tragicum</strong></span> <span class='ocrx_word' id='word_1_71' title='bbox 1821 1158 1962 1200; x_wconf 87' lang='lat' dir='ltr'><strong>Rhesi</strong></span> 
     </span>
     <span class='ocr_line' id='line_1_12' title="bbox 555 1229 1192 1286; baseline 0.005 -16"><span class='ocrx_word' id='word_1_72' title='bbox 555 1229 684 1271; x_wconf 89' lang='lat' dir='ltr'><strong>statio</strong></span> <span class='ocrx_word' id='word_1_73' title='bbox 718 1244 784 1271; x_wconf 59' lang='grc' dir='ltr'><strong>γε.</strong></span> <span class='ocrx_word' id='word_1_74' title='bbox 817 1231 916 1271; x_wconf 83' lang='grc'><strong>434.</strong></span> <span class='ocrx_word' id='word_1_75' title='bbox 948 1235 1061 1286; x_wconf 85' lang='lat' dir='ltr'><strong>trag.</strong></span> <span class='ocrx_word' id='word_1_76' title='bbox 1095 1233 1192 1273; x_wconf 83' lang='lat'><strong>519.</strong></span> 
     </span>
    </p>
   </div>
   <div class='ocr_carea' id='block_1_5' title="bbox 553 1317 1963 1449">
    <p class='ocr_par' dir='ltr' id='par_1_5' title="bbox 553 1317 1963 1449">
     <span class='ocr_line' id='line_1_13' title="bbox 672 1317 1963 1375; baseline 0.004 -18"><span class='ocrx_word' id='word_1_77' title='bbox 672 1317 792 1372; x_wconf 89' lang='lat' dir='ltr'><strong>Equi</strong></span> <span class='ocrx_word' id='word_1_78' title='bbox 823 1322 924 1373; x_wconf 78' lang='lat' dir='ltr'><strong>post</strong></span> <span class='ocrx_word' id='word_1_79' title='bbox 958 1332 1137 1360; x_wconf 91' lang='lat' dir='ltr'><strong>currum</strong></span> <span class='ocrx_word' id='word_1_80' title='bbox 1171 1320 1356 1375; x_wconf 83' lang='lat' dir='ltr'><strong>adligati</strong></span> <span class='ocrx_word' id='word_1_81' title='bbox 1402 1325 1521 1362; x_wconf 85' lang='lat' dir='ltr'><strong>stant</strong></span> <span class='ocrx_word' id='word_1_82' title='bbox 1552 1321 1683 1362; x_wconf 90' lang='lat' dir='ltr'><strong>Hom.</strong></span> <span class='ocrx_word' id='word_1_83' title='bbox 1717 1337 1754 1362; x_wconf 82' lang='grc' dir='ltr'><strong>κ.</strong></span> <span class='ocrx_word' id='word_1_84' title='bbox 1787 1323 1885 1362; x_wconf 84' lang='grc'><strong>474.</strong></span> <span class='ocrx_word' id='word_1_85' title='bbox 1918 1322 1963 1362; x_wconf 94' lang='lat' dir='ltr'><strong>in</strong></span> 
     </span>
     <span class='ocr_line' id='line_1_14' title="bbox 553 1393 1116 1449; baseline 0.004 -15"><span class='ocrx_word' id='word_1_86' title='bbox 553 1393 792 1449; x_wconf 78' lang='lat' dir='ltr'><strong>tragoedia</strong></span> <span class='ocrx_word' id='word_1_87' title='bbox 824 1395 905 1435; x_wconf 80' lang='grc'><strong>567</strong></span> <span class='ocrx_word' id='word_1_88' title='bbox 942 1400 984 1436; x_wconf 83' lang='lat' dir='ltr'><strong>et</strong></span> <span class='ocrx_word' id='word_1_89' title='bbox 1018 1396 1116 1436; x_wconf 88' lang='grc'><strong>616.</strong></span> 
     </span>
    </p>
   </div>
   <div class='ocr_carea' id='block_1_6' title="bbox 552 1481 1963 1997">
    <p class='ocr_par' dir='ltr' id='par_1_6' title="bbox 556 1481 1963 1692">
     <span class='ocr_line' id='line_1_15' title="bbox 676 1481 1963 1527; baseline 0.004 -5"><span class='ocrx_word' id='word_1_90' title='bbox 676 1481 886 1522; x_wconf 83' lang='lat' dir='ltr'><strong>Hectoris</strong></span> <span class='ocrx_word' id='word_1_91' title='bbox 922 1483 1161 1525; x_wconf 82' lang='lat' dir='ltr'><strong>stationem</strong></span> <span class='ocrx_word' id='word_1_92' title='bbox 1195 1499 1217 1526; x_wconf 88' lang='lat' dir='ltr'><strong>a</strong></span> <span class='ocrx_word' id='word_1_93' title='bbox 1250 1485 1429 1527; x_wconf 82' lang='lat' dir='ltr'><strong>Dolone</strong></span> <span class='ocrx_word' id='word_1_94' title='bbox 1460 1485 1701 1526; x_wconf 83' lang='lat' dir='ltr'><strong>indicatam</strong></span> <span class='ocrx_word' id='word_1_95' title='bbox 1734 1485 1839 1527; x_wconf 91' lang='lat' dir='ltr'><strong>dicit</strong></span> <span class='ocrx_word' id='word_1_96' title='bbox 1857 1485 1963 1527; x_wconf 91' lang='lat' dir='ltr'><strong>Dio-</strong></span> 
     </span>
     <span class='ocr_line' id='line_1_16' title="bbox 556 1557 1909 1609; baseline 0.003 -11"><span class='ocrx_word' id='word_1_97' title='bbox 556 1557 725 1609; x_wconf 78' lang='lat' dir='ltr'><strong>medes,</strong></span> <span class='ocrx_word' id='word_1_98' title='bbox 757 1558 890 1599; x_wconf 93' lang='lat' dir='ltr'><strong>Hom.</strong></span> <span class='ocrx_word' id='word_1_99' title='bbox 922 1575 960 1600; x_wconf 85' lang='grc' dir='ltr'><strong>κ.</strong></span> <span class='ocrx_word' id='word_1_100' title='bbox 994 1562 1093 1601; x_wconf 88' lang='grc'><strong>477.</strong></span> <span class='ocrx_word' id='word_1_101' title='bbox 1159 1561 1300 1602; x_wconf 89' lang='lat' dir='ltr'><strong>Rhesi</strong></span> <span class='ocrx_word' id='word_1_102' title='bbox 1334 1562 1570 1603; x_wconf 87' lang='lat' dir='ltr'><strong>stationem</strong></span> <span class='ocrx_word' id='word_1_103' title='bbox 1603 1562 1778 1602; x_wconf 72' lang='lat' dir='ltr'><strong>Ulixes.</strong></span> <span class='ocrx_word' id='word_1_104' title='bbox 1812 1563 1909 1603; x_wconf 79' lang='lat'><strong>575.</strong></span> 
     </span>
     <span class='ocr_line' id='line_1_17' title="bbox 670 1633 1835 1692; baseline 0.004 -18"><span class='ocrx_word' id='word_1_105' title='bbox 670 1633 920 1676; x_wconf 78' lang='lat' dir='ltr'><strong>Minervam</strong></span> <span class='ocrx_word' id='word_1_106' title='bbox 950 1636 996 1677; x_wconf 91' lang='lat' dir='ltr'><strong>in</strong></span> <span class='ocrx_word' id='word_1_107' title='bbox 1028 1637 1263 1692; x_wconf 77' lang='lat' dir='ltr'><strong>tragoedia</strong></span> <span class='ocrx_word' id='word_1_108' title='bbox 1296 1643 1507 1692; x_wconf 76' lang='lat' dir='ltr'><strong>precatur</strong></span> <span class='ocrx_word' id='word_1_109' title='bbox 1540 1639 1699 1679; x_wconf 68' lang='lat' dir='ltr'><strong>Ulixes</strong></span> <span class='ocrx_word' id='word_1_110' title='bbox 1734 1639 1835 1688; x_wconf 84' lang='lat'><strong>608,</strong></span> 
     </span>
    </p>

    <p class='ocr_par' dir='ltr' id='par_1_7' title="bbox 670 1709 1361 1767">
     <span class='ocr_line' id='line_1_18' title="bbox 670 1709 1361 1767; baseline 0.006 -17"><span class='ocrx_word' id='word_1_111' title='bbox 670 1709 912 1752; x_wconf 88' lang='lat' dir='ltr'><strong>Diomedes</strong></span> <span class='ocrx_word' id='word_1_112' title='bbox 947 1713 1065 1767; x_wconf 90' lang='lat' dir='ltr'><strong>apud</strong></span> <span class='ocrx_word' id='word_1_113' title='bbox 1097 1713 1228 1754; x_wconf 91' lang='lat' dir='ltr'><strong>Hom.</strong></span> <span class='ocrx_word' id='word_1_114' title='bbox 1263 1715 1361 1754; x_wconf 91' lang='grc'><strong>462.</strong></span> 
     </span>
    </p>

    <p class='ocr_par' dir='ltr' id='par_1_8' title="bbox 552 1785 1962 1997">
     <span class='ocr_line' id='line_1_19' title="bbox 672 1785 1960 1845; baseline 0.003 -19"><span class='ocrx_word' id='word_1_115' title='bbox 672 1785 810 1841; x_wconf 87' lang='lat' dir='ltr'><strong>Apud</strong></span> <span class='ocrx_word' id='word_1_116' title='bbox 841 1787 1063 1842; x_wconf 86' lang='lat' dir='ltr'><strong>tragicum</strong></span> <span class='ocrx_word' id='word_1_117' title='bbox 1086 1789 1183 1831; x_wconf 88' lang='lat' dir='ltr'><strong>Dea</strong></span> <span class='ocrx_word' id='word_1_118' title='bbox 1207 1794 1400 1843; x_wconf 79' lang='lat' dir='ltr'><strong>enarrat,</strong></span> <span class='ocrx_word' id='word_1_119' title='bbox 1435 1803 1549 1845; x_wconf 88' lang='lat' dir='ltr'><strong>quae</strong></span> <span class='ocrx_word' id='word_1_120' title='bbox 1575 1790 1692 1845; x_wconf 89' lang='lat' dir='ltr'><strong>apud</strong></span> <span class='ocrx_word' id='word_1_121' title='bbox 1714 1790 1960 1831; x_wconf 87' lang='lat' dir='ltr'><strong>Homerum</strong></span> 
     </span>
     <span class='ocr_line' id='line_1_20' title="bbox 552 1860 1962 1922; baseline 0.004 -20"><span class='ocrx_word' id='word_1_122' title='bbox 552 1860 668 1902; x_wconf 90' lang='lat' dir='ltr'><strong>Dolo</strong></span> <span class='ocrx_word' id='word_1_123' title='bbox 696 1864 904 1918; x_wconf 76' lang='lat' dir='ltr'><strong>exposuit</strong></span> <span class='ocrx_word' id='word_1_124' title='bbox 927 1865 1012 1906; x_wconf 84' lang='lat'><strong>433</strong></span> <span class='ocrx_word' id='word_1_125' title='bbox 1040 1880 1104 1922; x_wconf 89' lang='lat' dir='ltr'><strong>sq.</strong></span> <span class='ocrx_word' id='word_1_126' title='bbox 1139 1892 1192 1896; x_wconf 97' lang='lat'>—</span> <span class='ocrx_word' id='word_1_127' title='bbox 1226 1867 1445 1908; x_wconf 88' lang='lat' dir='ltr'><strong>nonnulla</strong></span> <span class='ocrx_word' id='word_1_128' title='bbox 1481 1867 1612 1907; x_wconf 83' lang='lat' dir='ltr'><strong>etiam</strong></span> <span class='ocrx_word' id='word_1_129' title='bbox 1635 1867 1723 1907; x_wconf 87' lang='lat' dir='ltr'><strong>alia</strong></span> <span class='ocrx_word' id='word_1_130' title='bbox 1744 1866 1962 1908; x_wconf 88' lang='lat' dir='ltr'><strong>inferiora</strong></span> 
     </span>
     <span class='ocr_line' id='line_1_21' title="bbox 552 1937 1677 1997; baseline 0.005 -19"><span class='ocrx_word' id='word_1_131' title='bbox 552 1938 702 1979; x_wconf 82' lang='lat' dir='ltr'><strong>attulit</strong></span> <span class='ocrx_word' id='word_1_132' title='bbox 736 1937 789 1979; x_wconf 79' lang='lat' dir='ltr'><strong>G.</strong></span> <span class='ocrx_word' id='word_1_133' title='bbox 823 1939 978 1981; x_wconf 87' lang='lat' dir='ltr'><strong>Herm.</strong></span> <span class='ocrx_word' id='word_1_134' title='bbox 1013 1941 1068 1982; x_wconf 91' lang='lat' dir='ltr'><strong>de</strong></span> <span class='ocrx_word' id='word_1_135' title='bbox 1100 1942 1252 1984; x_wconf 86' lang='lat' dir='ltr'><strong>Rheso</strong></span> <span class='ocrx_word' id='word_1_136' title='bbox 1284 1957 1327 1997; x_wconf 90' lang='lat' dir='ltr'><strong>p.</strong></span> <span class='ocrx_word' id='word_1_137' title='bbox 1361 1944 1458 1984; x_wconf 91' lang='grc'><strong>286.</strong></span> <span class='ocrx_word' id='word_1_138' title='bbox 1492 1944 1589 1984; x_wconf 85' lang='grc'><strong>287.</strong></span> <span class='ocrx_word' id='word_1_139' title='bbox 1624 1968 1677 1972; x_wconf 84' lang='lat'><strong>-—</strong></span> 
     </span>
    </p>
   </div>
   <div class='ocr_carea' id='block_1_7' title="bbox 532 2043 2007 2791">
    <p class='ocr_par' dir='ltr' id='par_1_9' title="bbox 532 2043 2007 2791">
     <span class='ocr_line' id='line_1_22' title="bbox 671 2043 1961 2104; baseline 0.003 -18"><span class='ocrx_word' id='word_1_140' title='bbox 671 2043 842 2092; x_wconf 87' lang='lat' dir='ltr'><strong>Quodsi</strong></span> <span class='ocrx_word' id='word_1_141' title='bbox 878 2046 984 2088; x_wconf 84' lang='lat' dir='ltr'><strong>satis</strong></span> <span class='ocrx_word' id='word_1_142' title='bbox 1018 2051 1188 2101; x_wconf 81' lang='lat' dir='ltr'><strong>notum,</strong></span> <span class='ocrx_word' id='word_1_143' title='bbox 1221 2048 1416 2104; x_wconf 84' lang='lat' dir='ltr'><strong>tragicos</strong></span> <span class='ocrx_word' id='word_1_144' title='bbox 1441 2049 1672 2090; x_wconf 78' lang='lat' dir='ltr'><strong>materiam</strong></span> <span class='ocrx_word' id='word_1_145' title='bbox 1703 2049 1961 2091; x_wconf 83' lang='lat' dir='ltr'><strong>fabularum</strong></span> 
     </span>
     <span class='ocr_line' id='line_1_23' title="bbox 552 2122 2007 2180; baseline 0.003 -18"><span class='ocrx_word' id='word_1_146' title='bbox 552 2134 610 2162; x_wconf 82' lang='lat' dir='ltr'><strong>ex</strong></span> <span class='ocrx_word' id='word_1_147' title='bbox 653 2122 786 2177; x_wconf 85' lang='lat' dir='ltr'><strong>epicis</strong></span> <span class='ocrx_word' id='word_1_148' title='bbox 829 2122 1102 2165; x_wconf 89' lang='lat' dir='ltr'><strong>desumsisse</strong></span> <span class='ocrx_word' id='word_1_149' title='bbox 1143 2124 1280 2180; x_wconf 89' lang='lat' dir='ltr'><strong>idque</strong></span> <span class='ocrx_word' id='word_1_150' title='bbox 1328 2129 1403 2166; x_wconf 85' lang='lat' dir='ltr'><strong>aut</strong></span> <span class='ocrx_word' id='word_1_151' title='bbox 1441 2125 1582 2166; x_wconf 89' lang='lat' dir='ltr'><strong>libere</strong></span> <span class='ocrx_word' id='word_1_152' title='bbox 1627 2125 1835 2179; x_wconf 88' lang='lat' dir='ltr'><strong>profiteri</strong></span> <span class='ocrx_word' id='word_1_153' title='bbox 1886 2130 1961 2167; x_wconf 78' lang='lat' dir='ltr'><strong>aut</strong></span> <span class='ocrx_word' id='word_1_154' title='bbox 2005 2124 2007 2127; x_wconf 69' lang='grc'><strong>’</strong></span> 
     </span>
     <span class='ocr_line' id='line_1_24' title="bbox 532 2197 1961 2258; baseline 0.005 -21"><span class='ocrx_word' id='word_1_155' title='bbox 532 2197 821 2254; x_wconf 69' lang='lat' dir='ltr'><strong>&#39;interpretes</strong></span> <span class='ocrx_word' id='word_1_156' title='bbox 854 2199 1075 2241; x_wconf 71' lang='lat' dir='ltr'><strong>industrie</strong></span> <span class='ocrx_word' id='word_1_157' title='bbox 1110 2200 1340 2254; x_wconf 79' lang='lat' dir='ltr'><strong>adnotare,</strong></span> <span class='ocrx_word' id='word_1_158' title='bbox 1372 2206 1522 2243; x_wconf 84' lang='lat' dir='ltr'><strong>tamen</strong></span> <span class='ocrx_word' id='word_1_159' title='bbox 1557 2202 1688 2242; x_wconf 89' lang='lat' dir='ltr'><strong>simili</strong></span> <span class='ocrx_word' id='word_1_160' title='bbox 1720 2202 1850 2242; x_wconf 90' lang='lat' dir='ltr'><strong>modo</strong></span> <span class='ocrx_word' id='word_1_161' title='bbox 1887 2203 1961 2258; x_wconf 88' lang='lat' dir='ltr'><strong>qui</strong></span> 
     </span>
     <span class='ocr_line' id='line_1_25' title="bbox 553 2275 1960 2333; baseline 0.003 -18"><span class='ocrx_word' id='word_1_162' title='bbox 553 2275 824 2328; x_wconf 82' lang='lat' dir='ltr'><strong>sententias,</strong></span> <span class='ocrx_word' id='word_1_163' title='bbox 869 2276 944 2330; x_wconf 93' lang='lat' dir='ltr'><strong>qui</strong></span> <span class='ocrx_word' id='word_1_164' title='bbox 986 2275 1126 2317; x_wconf 80' lang='lat' dir='ltr'><strong>verba</strong></span> <span class='ocrx_word' id='word_1_165' title='bbox 1160 2290 1217 2318; x_wconf 84' lang='lat' dir='ltr'><strong>ex</strong></span> <span class='ocrx_word' id='word_1_166' title='bbox 1250 2276 1445 2319; x_wconf 90' lang='lat' dir='ltr'><strong>Homero</strong></span> <span class='ocrx_word' id='word_1_167' title='bbox 1484 2278 1709 2330; x_wconf 61' lang='lat' dir='ltr'><strong>hauserit,</strong></span> <span class='ocrx_word' id='word_1_168' title='bbox 1755 2278 1960 2333; x_wconf 88' lang='lat' dir='ltr'><strong>equidem</strong></span> 
     </span>
     <span class='ocr_line' id='line_1_26' title="bbox 553 2350 1961 2409; baseline 0.003 -18"><span class='ocrx_word' id='word_1_169' title='bbox 553 2350 704 2393; x_wconf 85' lang='lat' dir='ltr'><strong>adhuc</strong></span> <span class='ocrx_word' id='word_1_170' title='bbox 737 2353 961 2394; x_wconf 90' lang='lat' dir='ltr'><strong>neminem</strong></span> <span class='ocrx_word' id='word_1_171' title='bbox 992 2353 1111 2395; x_wconf 75' lang='lat' dir='ltr'><strong>novi.</strong></span> <span class='ocrx_word' id='word_1_172' title='bbox 1156 2378 1209 2382; x_wconf 89' lang='lat'><strong>—-</strong></span> <span class='ocrx_word' id='word_1_173' title='bbox 1255 2352 1343 2394; x_wconf 83' lang='lat' dir='ltr'><strong>Sed</strong></span> <span class='ocrx_word' id='word_1_174' title='bbox 1376 2368 1476 2395; x_wconf 88' lang='lat' dir='ltr'><strong>cum</strong></span> <span class='ocrx_word' id='word_1_175' title='bbox 1508 2359 1686 2409; x_wconf 90' lang='lat' dir='ltr'><strong>praeter</strong></span> <span class='ocrx_word' id='word_1_176' title='bbox 1720 2354 1961 2409; x_wconf 72' lang='lat' dir='ltr'><strong>Cyclopem</strong></span> 
     </span>
     <span class='ocr_line' id='line_1_27' title="bbox 553 2426 1961 2485; baseline 0.004 -18"><span class='ocrx_word' id='word_1_177' title='bbox 553 2426 708 2469; x_wconf 87' lang='lat' dir='ltr'><strong>drama</strong></span> <span class='ocrx_word' id='word_1_178' title='bbox 740 2430 996 2484; x_wconf 67' lang='lat' dir='ltr'><strong>satyricum,</strong></span> <span class='ocrx_word' id='word_1_179' title='bbox 1029 2443 1119 2471; x_wconf 88' lang='lat' dir='ltr'><strong>non</strong></span> <span class='ocrx_word' id='word_1_180' title='bbox 1153 2429 1206 2470; x_wconf 83' lang='lat' dir='ltr'><strong>sit</strong></span> <span class='ocrx_word' id='word_1_181' title='bbox 1240 2434 1419 2471; x_wconf 76' lang='lat' dir='ltr'><strong>servata</strong></span> <span class='ocrx_word' id='word_1_182' title='bbox 1440 2431 1610 2483; x_wconf 85' lang='lat' dir='ltr'><strong>fabula,</strong></span> <span class='ocrx_word' id='word_1_183' title='bbox 1646 2444 1759 2485; x_wconf 83' lang='lat' dir='ltr'><strong>quae</strong></span> <span class='ocrx_word' id='word_1_184' title='bbox 1787 2436 1883 2472; x_wconf 81' lang='lat' dir='ltr'><strong>tota.</strong></span> <span class='ocrx_word' id='word_1_185' title='bbox 1904 2445 1961 2472; x_wconf 82' lang='lat' dir='ltr'><strong>ex</strong></span> 
     </span>
     <span class='ocr_line' id='line_1_28' title="bbox 551 2502 1960 2561; baseline 0.004 -18"><span class='ocrx_word' id='word_1_186' title='bbox 551 2502 750 2545; x_wconf 90' lang='lat' dir='ltr'><strong>Homero</strong></span> <span class='ocrx_word' id='word_1_187' title='bbox 798 2505 1001 2559; x_wconf 78' lang='lat' dir='ltr'><strong>fluxerit,</strong></span> <span class='ocrx_word' id='word_1_188' title='bbox 1044 2505 1241 2548; x_wconf 86' lang='lat' dir='ltr'><strong>Vaterus</strong></span> <span class='ocrx_word' id='word_1_189' title='bbox 1283 2506 1447 2561; x_wconf 86' lang='lat' dir='ltr'><strong>aliique</strong></span> <span class='ocrx_word' id='word_1_190' title='bbox 1484 2507 1570 2548; x_wconf 86' lang='lat' dir='ltr'><strong>hoc</strong></span> <span class='ocrx_word' id='word_1_191' title='bbox 1611 2507 1761 2548; x_wconf 87' lang='lat' dir='ltr'><strong>drama</strong></span> <span class='ocrx_word' id='word_1_192' title='bbox 1804 2507 1960 2548; x_wconf 88' lang='lat' dir='ltr'><strong>defen-</strong></span> 
     </span>
     <span class='ocr_line' id='line_1_29' title="bbox 556 2578 1959 2638; baseline 0.004 -19"><span class='ocrx_word' id='word_1_193' title='bbox 556 2578 663 2621; x_wconf 91' lang='lat' dir='ltr'><strong>dere</strong></span> <span class='ocrx_word' id='word_1_194' title='bbox 697 2582 860 2635; x_wconf 85' lang='lat' dir='ltr'><strong>conati⁷</strong></span> <span class='ocrx_word' id='word_1_195' title='bbox 904 2586 948 2623; x_wconf 80' lang='lat' dir='ltr'><strong>et</strong></span> <span class='ocrx_word' id='word_1_196' title='bbox 979 2581 1259 2638; x_wconf 70' lang='lat' dir='ltr'><strong>Aeschylum</strong></span> <span class='ocrx_word' id='word_1_197' title='bbox 1293 2587 1335 2624; x_wconf 85' lang='lat' dir='ltr'><strong>et</strong></span> <span class='ocrx_word' id='word_1_198' title='bbox 1368 2582 1636 2637; x_wconf 84' lang='lat' dir='ltr'><strong>Sophoclem</strong></span> <span class='ocrx_word' id='word_1_199' title='bbox 1670 2583 1868 2624; x_wconf 85' lang='lat' dir='ltr'><strong>similiter</strong></span> <span class='ocrx_word' id='word_1_200' title='bbox 1902 2597 1959 2624; x_wconf 82' lang='lat' dir='ltr'><strong>ex</strong></span> 
     </span>
     <span class='ocr_line' id='line_1_30' title="bbox 554 2654 1958 2714; baseline 0.004 -19"><span class='ocrx_word' id='word_1_201' title='bbox 554 2654 752 2697; x_wconf 91' lang='lat' dir='ltr'><strong>Homero</strong></span> <span class='ocrx_word' id='word_1_202' title='bbox 783 2657 1056 2700; x_wconf 85' lang='lat' dir='ltr'><strong>desumsisse</strong></span> <span class='ocrx_word' id='word_1_203' title='bbox 1086 2660 1339 2714; x_wconf 85' lang='lat' dir='ltr'><strong>opinantur.</strong></span> <span class='ocrx_word' id='word_1_204' title='bbox 1365 2685 1418 2689; x_wconf 83' lang='lat'><strong>——</strong></span> <span class='ocrx_word' id='word_1_205' title='bbox 1444 2659 1667 2711; x_wconf 75' lang='lat' dir='ltr'><strong>Concedo,</strong></span> <span class='ocrx_word' id='word_1_206' title='bbox 1690 2660 1958 2714; x_wconf 85' lang='lat' dir='ltr'><strong>plagiarium</strong></span> 
     </span>
     <span class='ocr_line' id='line_1_31' title="bbox 554 2732 1958 2791; baseline 0.004 -19"><span class='ocrx_word' id='word_1_207' title='bbox 554 2744 654 2773; x_wconf 88' lang='lat' dir='ltr'><strong>eum</strong></span> <span class='ocrx_word' id='word_1_208' title='bbox 687 2732 774 2774; x_wconf 88' lang='lat' dir='ltr'><strong>dici</strong></span> <span class='ocrx_word' id='word_1_209' title='bbox 804 2747 895 2775; x_wconf 90' lang='lat' dir='ltr'><strong>non</strong></span> <span class='ocrx_word' id='word_1_210' title='bbox 925 2748 1074 2791; x_wconf 84' lang='lat' dir='ltr'><strong>posse,</strong></span> <span class='ocrx_word' id='word_1_211' title='bbox 1108 2736 1272 2791; x_wconf 86' lang='lat' dir='ltr'><strong>quippe</strong></span> <span class='ocrx_word' id='word_1_212' title='bbox 1306 2735 1408 2791; x_wconf 88' lang='lat' dir='ltr'><strong>quia</strong></span> <span class='ocrx_word' id='word_1_213' title='bbox 1443 2736 1497 2778; x_wconf 91' lang='lat' dir='ltr'><strong>de</strong></span> <span class='ocrx_word' id='word_1_214' title='bbox 1529 2737 1695 2778; x_wconf 86' lang='lat' dir='ltr'><strong>talibus</strong></span> <span class='ocrx_word' id='word_1_215' title='bbox 1730 2736 1861 2777; x_wconf 85' lang='lat' dir='ltr'><strong>aliter</strong></span> <span class='ocrx_word' id='word_1_216' title='bbox 1892 2736 1958 2777; x_wconf 90' lang='lat' dir='ltr'><strong>iu·</strong></span> 
     </span>
    </p>
   </div>
  </div>
 </body>
</html>
