2238 3418
1109 292 1396 332 *62-

543 410 609 447 tos
642 392 821 448 comicos
856 406 1131 448 acerbissime
1162 408 1354 450 invectos
1389 421 1486 450 esse
1519 421 1675 461 eosque
1717 408 1943 451 dicacitate

544 486 586 522 et
616 482 777 523 salibus
810 482 976 536 penitus
1010 483 1206 524 obruisse
1240 497 1324 525 non
1357 488 1422 525 est
1455 497 1526 525 cur
1552 484 1760 526 miremur.
1796 509 1849 513 —
1881 485 1948 526 Ita

542 556 585 597 in
617 560 784 610 tempus
817 558 952 598 omnis
985 557 1232 611 tragoediae
1265 572 1435 612 nervus,¹
1470 559 1539 611 qni
1573 563 1614 601 et
1643 563 1740 613 apto
1780 559 1947 602 dicendi

542 644 697 685 genere
730 637 771 674 et
801 631 1040 674 fabularum
1073 635 1335 687 argumentis
1370 634 1473 675 scite
1498 635 1734 677 tractandis
1760 636 1946 689 vigebat,

542 706 790 749 debilitatus
824 712 901 750 est.

658 784 813 825 Verum
848 783 1070 838 paullatim
1107 785 1360 827 exhaustum
1393 785 1444 826 iri
1476 785 1711 829 fabularum
1744 787 1945 830 materias

540 873 622 901 non
655 865 795 914 potest
828 861 988 914 negari,
1022 862 1324 902 sententiarum
1353 861 1478 914 igitur
1502 862 1552 902 de
1575 863 1728 905 virtute
1753 864 1804 905 de
1828 865 1949 906 mori-

539 936 617 977 bus
652 934 703 976 de
737 936 849 977 vitae
882 936 1118 978 rationibus
1153 936 1450 989 similibusque
1488 940 1746 980 monentium
1788 940 1947 994 praeci-

539 1024 623 1065 pua
653 1010 748 1053 laus
786 1011 1096 1054 adfectabatur.
1130 1035 1184 1041 -—
1218 1012 1298 1061 Qui
1331 1026 1430 1055 vero
1463 1013 1517 1054 ad
1551 1013 1732 1068 Philippi
1766 1015 1947 1057 Alexan-

541 1086 687 1140 drique
720 1092 903 1129 aetatem
936 1089 1108 1143 propius
1142 1094 1438 1142 accesserunt,
1482 1103 1554 1132 eos
1590 1091 1802 1132 senarium
1836 1092 1947 1146 prin-

539 1164 674 1216 cipem
691 1163 733 1204 in
756 1164 979 1217 tragoedia
1001 1165 1235 1207 recentiore
1255 1178 1440 1219 versum,
1465 1165 1711 1219 diligentius
1731 1170 1942 1209 tractasse

539 1239 763 1281 cernimus.
827 1240 931 1282 Tum
970 1240 1247 1283 adcrescente
1288 1241 1329 1282 in
1375 1241 1467 1282 dies
1510 1241 1683 1295 legendi
1728 1242 1945 1297 voluptate

541 1319 582 1356 et
614 1314 889 1369 adsiduitate,
924 1316 1035 1368 quod
1066 1317 1177 1358 idem
1210 1317 1253 1357 111
1286 1316 1470 1358 011111111111
1501 1317 1737 1359 litterarum
1769 1318 1948 1361 historia

539 1390 660 1443 redit,
694 1391 893 1432 exstitere
926 1396 1090 1446 poetae,
1125 1393 1193 1445 qui
1218 1393 1415 1447 plausum
1439 1392 1592 1434 theatri
1617 1408 1700 1436 11011
1723 1400 1944 1449 captantes

540 1466 666 1508 modo
698 1466 927 1520 legentium
968 1468 1200 1510 adsensum
1243 1468 1479 1521 laudesque
1522 1469 1632 1511 ferre
1675 1470 1847 1525 intenti,
1887 1472 1947 1513 in-

539 1543 686 1596 primis
731 1542 865 1585 doctis
910 1543 1170 1597 eruditisque
1209 1543 1449 1586 hominibus
1491 1545 1660 1599 placere
1703 1546 1945 1590 studebant.

539 1619 640 1671 (qua
672 1618 723 1660 de
772 1632 929 1660 caussa
975 1615 1265 1673 ἀναγνωστικοί
1311 1621 1512 1675 appellati
1564 1619 1695 1677 sunt.)
1759 1622 1945 1672 Quorum

538 1694 788 1736 notissimus
811 1694 1090 1749 Chaeremon,
1123 1709 1245 1749 quem
1273 1709 1364 1737 cum
1395 1710 1554 1750 magna
1576 1697 1863 1751 adcurataque
1887 1699 1945 1740 di-

538 1769 714 1823 ligentia
745 1775 971 1812 metrorum
1003 1772 1122 1825 leges
1155 1772 1463 1826 observaverit,
1496 1773 1638 1827 paullo
1669 1773 1778 1816 infra
1812 1772 1944 1829 (circa

539 1845 601 1888 Ol.
638 1844 736 1901 100)
769 1847 928 1889 vixisse
962 1853 1153 1902 apparet.
1184 1872 1237 1877 —
1269 1848 1397 1901 Atqui
1426 1853 1518 1890 utut
1539 1849 1706 1891 fuerunt
1728 1850 1769 1891 hi
1794 1851 1943 1905 tragici

539 1921 625 1964 fere
659 1936 803 1964 omnes
837 1923 1097 1976 imitatores,
1142 1925 1211 1978 qui
1252 1926 1349 1967 novi
1392 1925 1504 1966 haud
1547 1926 1721 1968 multum
1760 1926 1943 1970 fortasse

538 1997 628 2040 fere
661 1998 764 2039 nihil
798 1999 1037 2053 attulerint,
1072 2005 1209 2042 tamen
1243 2015 1295 2043 ne
1328 2002 1627 2055 unumquidem
1665 2003 1939 2057 inveniemus,

539 2074 608 2127 qui
641 2075 766 2116 simili
799 2075 1059 2117 adsiduitate
1093 2077 1145 2117 ab
1179 2078 1289 2118 omni
1322 2082 1412 2119 arte
1446 2079 1642 2120 scaenica
1668 2079 1794 2133 plane
1819 2078 1943 2120 desti-

538 2153 665 2204 tutus,
699 2149 934 2204 undique
978 2152 1227 2193 delibavcrit
1269 2152 1542 2207 hauseritque
1585 2168 1693 2207 quae
1736 2155 1778 2195 in
1820 2168 1941 2196 usum

539 2239 659 2267 suum
684 2232 961 2270 converteret.
985 2251 1039 2256 —-
1063 2227 1143 2277 Qui
1170 2241 1262 2270 cum
1297 2233 1359 2269 tot
1382 2229 1567 2283 diversa,
1595 2231 1772 2285 insueta,
1795 2244 1942 2286 repug-

537 2302 684 2343 nantia
717 2303 802 2343 stili
836 2304 1056 2346 verborum
1088 2304 1257 2346 omnino
1291 2305 1394 2347 artis
1435 2306 1647 2359 totiusque
1695 2307 1941 2361 tragoediae

538 2378 714 2420 rationis
748 2378 978 2432 conlegerit
1009 2380 1053 2421 id
1085 2380 1266 2423 maxime
1295 2380 1397 2422 mihi
1420 2383 1634 2436 explicare
1657 2383 1836 2438 videtur,
1869 2397 1942 2426 cur

536 2458 749 2496 nostrates
782 2455 824 2495 111
858 2460 1021 2510 tempus
1058 2456 1122 2497 vel
1162 2456 1204 2496 in
1248 2461 1462 2499 auctorem
1505 2458 1628 2500 huius
1670 2459 1841 2502 fabulae
1882 2461 1941 2502 in-

538 2529 752 2582 quirentes
785 2536 870 2573 tam
904 2531 1028 2573 valde
1053 2532 1402 2576 dissentiant.
1437 2558 1490 2562 —
1524 2535 1631 2576 Hinc
1652 2536 1764 2577 enim
1785 2535 1940 2577 factum

536 2610 614 2659 est,
649 2611 691 2648 ut
722 2607 845 2649 modo
878 2609 1081 2663 Aeschyli
1114 2610 1379 2663 austeritate,
1412 2610 1535 2652 modo
1569 2611 1701 2666 epicis
1734 2611 1938 2666 frustulis,

537 2682 660 2724 modo
694 2684 915 2726 sententiis
941 2684 1164 2739 sophocleo
1186 2699 1300 2728 more
1323 2685 1612 2741 conformatis,
1646 2687 1771 2730 modo
1797 2687 1934 2730 didas-

536 2758 737 2801 caliarum
768 2759 950 2803 fallaciis
982 2760 1139 2804 inducti
1175 2761 1246 2803 alii
1288 2762 1410 2806 aliter
1451 2763 1744 2808 iudicaverint.
1807 2764 1939 2807 Nam-
