2238 3418
818 1106 905 1149 D'e
943 1104 1166 1148 Rheso

292 1268 406 1310 quae
446 1253 584 1308 vulgo
619 1251 845 1305 Euripidis
886 1250 1031 1290 fertur
1071 1247 1327 1303 tragoedia,
1371 1260 1456 1302 quo
1498 1252 1696 1302 tempore

292 1336 337 1373 et
372 1345 397 1372 a
430 1343 515 1385 quo
550 1333 733 1370 auctore
760 1327 922 1381 scripta
949 1327 1017 1377 sit,
1049 1325 1261 1380 permulti
1292 1324 1491 1374 fuerunt,
1525 1322 1598 1377 qui
1625 1323 1698 1363 alii

295 1407 482 1449 aliunde
531 1405 727 1460 egressi,
776 1404 897 1445 vario
948 1417 1045 1444 cum
1096 1415 1308 1442 successu
1362 1399 1699 1454 quaesiverunt.

296 1483 476 1525 Etenim
511 1483 606 1523 fere
642 1494 816 1532 omnes,
860 1479 934 1533 qui
966 1479 1011 1519 in
1044 1476 1278 1532 Euripide,
1325 1475 1400 1530 qui
1443 1475 1620 1515 omnino
1653 1475 1696 1515 in

292 1560 569 1600 Graecorum
592 1557 772 1612 tragicis
799 1555 1051 1597 studiorum
1076 1554 1229 1595 sedem
1249 1553 1544 1604 collocarunt,
1568 1552 1698 1592 etiam

291 1638 376 1678 hac
420 1637 475 1678 de
526 1635 683 1677 fabula
723 1647 856 1688 agere
896 1633 1044 1674 conati
1087 1635 1210 1683 sunt,
1253 1644 1335 1671 nec
1378 1630 1541 1670 multos
1583 1629 1698 1669 hanc

292 1713 605 1770 quaestionem
637 1710 815 1765 penitus
849 1708 1108 1763 neglexisse
1141 1706 1360 1747 videmus.
1395 1729 1447 1734 —-

412 1788 582 1829 Verum
627 1787 738 1828 alios
779 1785 1057 1836 aestheticis,
1101 1797 1211 1838 quas
1257 1782 1410 1823 dicunt
1450 1780 1700 1822 rationibus

292 1871 704 1922 quantumcumque
735 1863 890 1904 iudicii
923 1862 1147 1916 specimen
1186 1859 1463 1911 adhibuisse,
1498 1858 1607 1899 alios
1645 1857 1699 1898 ad

291 1942 606 1999 grammaticae
649 1940 887 1995 praecipue
933 1938 1006 1979 vel
1048 1937 1103 1978 ad
1144 1941 1391 1977 metrorum
1436 1949 1611 1975 normas
1655 1935 1700 1973 in

290 2020 408 2061 hanc
457 2017 737 2073 tragoediam
786 2015 1072 2070 inquisivisse
1120 2027 1211 2054 non
1261 2017 1326 2053 est
1374 2025 1453 2052 cur
1492 2011 1702 2050 miremur

303 2095 506 2136 Tertium
540 2107 681 2148 genus
715 2092 885 2133 exstitit
918 2104 1084 2141 eorum,
1119 2089 1194 2145 qui
1225 2088 1474 2142 argumenti
1505 2086 1701 2141 inprimis

291 2172 558 2215 testimoniis
591 2171 676 2211 nisi
709 2183 920 2225 magnum
955 2167 1061 2224 quid
1098 2181 1144 2208 se
1179 2166 1405 2206 elicituros
1433 2177 1529 2205 esse
1553 2177 1703 2218 spera-

291 2250 415 2291 bant.
478 2247 619 2303 Atqui
653 2247 747 2287 sine
779 2246 845 2287 ira
877 2249 920 2286 et
954 2244 1100 2286 studio
1134 2243 1250 2283 hanc
1287 2242 1595 2297 quaestionem
1630 2254 1701 2280 ac-

292 2330 380 2366 tam
414 2337 529 2376 esse,
563 2323 785 2364 neminem
819 2334 947 2376 spero
986 2319 1275 2369 crediturum,
1310 2318 1386 2373 qui
1408 2316 1703 2357 Welckerum

299 2400 582 2442 Boeckhium
615 2398 926 2439 Hermannum
957 2397 1148 2438 invicem
1184 2410 1229 2436 se
1262 2395 1548 2449 impugnasse
1581 2398 1704 2433 teue-

292 2477 377 2518 bit.
442 2475 538 2517 Nec
573 2475 775 2516 defuisse
808 2474 1029 2515 mirabilia
1065 2477 1107 2514 et
1138 2471 1355 2522 inaudita,
1389 2483 1539 2510 omnes
1573 2468 1703 2510 facile

293 2553 569 2605 concedent,
610 2552 684 2607 qui
736 2565 882 2607 neque
926 2550 1231 2605 Hartungium
1270 2562 1417 2602 neque
1457 2546 1703 2600 Gruppium

294 2631 348 2672 ab
395 2630 480 2670 hac
529 2629 793 2685 quaestione
842 2641 1023 2669 manum
1072 2625 1345 2668 abstinuisse
1404 2623 1600 2664 audient.
1651 2647 1702 2650 —-

295 2708 459 2749 Omnes
495 2710 643 2747 autem
676 2705 874 2746 virorum
909 2704 1146 2744 doctorum
1172 2701 1403 2755 opiniones
1428 2700 1563 2754 longe
1595 2698 1705 2738 late-

295 2797 382 2839 que
409 2783 657 2837 explicatas
683 2782 771 2823 iam
793 2781 935 2833 initio,
966 2780 1226 2835 priusquam
1256 2776 1310 2817 de
1336 2775 1520 2817 fabulae
1552 2773 1705 2814 indole

295 2859 543 2912 docuimus,
574 2869 845 2913 percensere
877 2857 1063 2911 longum
1102 2859 1145 2896 et
1176 2853 1439 2904 molestum,
1481 2854 1602 2892 certe
1639 2849 1706 2889 in-
