<?xml version="1.0" encoding="UTF-8"?>
<!DOCTYPE html PUBLIC "-//W3C//DTD XHTML 1.0 Transitional//EN"
    "http://www.w3.org/TR/xhtml1/DTD/xhtml1-transitional.dtd">
<html xmlns="http://www.w3.org/1999/xhtml" xml:lang="en" lang="en">
 <head>
  <title>
</title>
<meta http-equiv="Content-Type" content="text/html;charset=utf-8" />
  <meta name='ocr-system' content='tesseract 3.04.00' />
  <meta name='ocr-capabilities' content='ocr_page ocr_carea ocr_par ocr_line ocrx_word'/>
</head>
<body>
  <div class='ocr_page' id='page_1' title='image "./derhesotragoedia00hageuoft_0024.png"; bbox 0 0 2238 3418; ppageno 0'>
   <div class='ocr_carea' id='block_1_1' title="bbox 1138 310 1425 350">
    <p class='ocr_par' dir='ltr' id='par_1_1' title="bbox 1138 310 1425 350">
     <span class='ocr_line' id='line_1_1' title="bbox 1138 310 1425 350; baseline 0 -12"><span class='ocrx_word' id='word_1_1' title='bbox 1138 310 1425 350; x_wconf 56' lang='grc'>..20-</span> 
     </span>
    </p>
   </div>
   <div class='ocr_carea' id='block_1_2' title="bbox 573 424 1983 2848">
    <p class='ocr_par' dir='ltr' id='par_1_2' title="bbox 573 424 1983 2539">
     <span class='ocr_line' id='line_1_2' title="bbox 692 424 1976 481; baseline -0.003 -12"><span class='ocrx_word' id='word_1_2' title='bbox 692 427 794 469; x_wconf 85' lang='lat' dir='ltr'>Jam</span> <span class='ocrx_word' id='word_1_3' title='bbox 826 430 975 468; x_wconf 90' lang='lat' dir='ltr'>autem</span> <span class='ocrx_word' id='word_1_4' title='bbox 1009 439 1059 467; x_wconf 90' lang='lat' dir='ltr'>eo</span> <span class='ocrx_word' id='word_1_5' title='bbox 1109 426 1423 481; x_wconf 79' lang='lat' dir='ltr'>pervenimus,</span> <span class='ocrx_word' id='word_1_6' title='bbox 1470 430 1518 466; x_wconf 93' lang='lat' dir='ltr'>ut</span> <span class='ocrx_word' id='word_1_7' title='bbox 1548 425 1679 466; x_wconf 88' lang='lat' dir='ltr'>Musa</span> <span class='ocrx_word' id='word_1_8' title='bbox 1729 425 1838 466; x_wconf 88' lang='lat' dir='ltr'>deae</span> <span class='ocrx_word' id='word_1_9' title='bbox 1876 424 1976 466; x_wconf 94' lang='grc'>1000</span> 
     </span>
     <span class='ocr_line' id='line_1_3' title="bbox 578 501 1977 557; baseline -0.003 -12"><span class='ocrx_word' id='word_1_10' title='bbox 578 517 634 545; x_wconf 84' lang='lat' dir='ltr'>ex</span> <span class='ocrx_word' id='word_1_11' title='bbox 681 503 888 545; x_wconf 87' lang='lat' dir='ltr'>machina</span> <span class='ocrx_word' id='word_1_12' title='bbox 935 502 1184 544; x_wconf 80' lang='lat' dir='ltr'><strong>evolvatur.</strong></span> <span class='ocrx_word' id='word_1_13' title='bbox 1246 501 1448 557; x_wconf 78' lang='lat' dir='ltr'>Apparet</span> <span class='ocrx_word' id='word_1_14' title='bbox 1488 502 1602 542; x_wconf 91' lang='lat' dir='ltr'>enim</span> <span class='ocrx_word' id='word_1_15' title='bbox 1640 501 1779 542; x_wconf 85' lang='lat' dir='ltr'>Rhesi</span> <span class='ocrx_word' id='word_1_16' title='bbox 1821 505 1977 552; x_wconf 88' lang='lat' dir='ltr'>mater,</span> 
     </span>
     <span class='ocr_line' id='line_1_4' title="bbox 573 576 1975 634; baseline -0.003 -14"><span class='ocrx_word' id='word_1_17' title='bbox 573 580 619 620; x_wconf 91' lang='lat' dir='ltr'>in</span> <span class='ocrx_word' id='word_1_18' title='bbox 652 579 770 620; x_wconf 87' lang='lat' dir='ltr'>ulnis</span> <span class='ocrx_word' id='word_1_19' title='bbox 805 583 988 634; x_wconf 81' lang='lat' dir='ltr'>gestans</span> <span class='ocrx_word' id='word_1_20' title='bbox 1012 581 1249 619; x_wconf 88' lang='lat' dir='ltr'>cruentum</span> <span class='ocrx_word' id='word_1_21' title='bbox 1271 577 1349 617; x_wconf 91' lang='lat' dir='ltr'>filii</span> <span class='ocrx_word' id='word_1_22' title='bbox 1373 577 1580 629; x_wconf 87' lang='lat' dir='ltr'>cadaver,</span> <span class='ocrx_word' id='word_1_23' title='bbox 1615 581 1671 629; x_wconf 90' lang='lat' dir='ltr'>et,</span> <span class='ocrx_word' id='word_1_24' title='bbox 1706 576 1809 617; x_wconf 87' lang='lat' dir='ltr'>dum</span> <span class='ocrx_word' id='word_1_25' title='bbox 1843 576 1975 617; x_wconf 88' lang='lat' dir='ltr'>caris-</span> 
     </span>
     <span class='ocr_line' id='line_1_5' title="bbox 575 652 1975 709; baseline -0.003 -13"><span class='ocrx_word' id='word_1_26' title='bbox 575 655 670 696; x_wconf 90' lang='lat' dir='ltr'>simi</span> <span class='ocrx_word' id='word_1_27' title='bbox 692 658 880 696; x_wconf 86' lang='lat' dir='ltr'>mortem</span> <span class='ocrx_word' id='word_1_28' title='bbox 912 658 1242 709; x_wconf 78' lang='lat' dir='ltr'>praematuram</span> <span class='ocrx_word' id='word_1_29' title='bbox 1274 653 1408 694; x_wconf 86' lang='lat' dir='ltr'>valde</span> <span class='ocrx_word' id='word_1_30' title='bbox 1443 653 1658 707; x_wconf 82' lang='lat' dir='ltr'>queritur,</span> <span class='ocrx_word' id='word_1_31' title='bbox 1693 652 1841 693; x_wconf 85' lang='lat' dir='ltr'>caedis</span> <span class='ocrx_word' id='word_1_32' title='bbox 1875 665 1975 693; x_wconf 90' lang='lat' dir='ltr'>auc-</span> 
     </span>
     <span class='ocr_line' id='line_1_6' title="bbox 574 727 1976 784; baseline -0.004 -12"><span class='ocrx_word' id='word_1_33' title='bbox 574 735 716 772; x_wconf 91' lang='lat' dir='ltr'>torem</span> <span class='ocrx_word' id='word_1_34' title='bbox 749 730 956 784; x_wconf 83' lang='lat' dir='ltr'>designat</span> <span class='ocrx_word' id='word_1_35' title='bbox 978 729 1177 781; x_wconf 79' lang='lat' dir='ltr'>Ulixem,</span> <span class='ocrx_word' id='word_1_36' title='bbox 1211 742 1341 783; x_wconf 88' lang='lat' dir='ltr'>quem</span> <span class='ocrx_word' id='word_1_37' title='bbox 1375 728 1504 769; x_wconf 91' lang='lat' dir='ltr'>simul</span> <span class='ocrx_word' id='word_1_38' title='bbox 1539 742 1638 768; x_wconf 91' lang='lat' dir='ltr'>cum</span> <span class='ocrx_word' id='word_1_39' title='bbox 1660 727 1876 769; x_wconf 87' lang='lat' dir='ltr'>Diomede</span> <span class='ocrx_word' id='word_1_40' title='bbox 1900 740 1976 767; x_wconf 80' lang='lat' dir='ltr'>ex-</span> 
     </span>
     <span class='ocr_line' id='line_1_7' title="bbox 575 804 1978 861; baseline -0.004 -12"><span class='ocrx_word' id='word_1_41' title='bbox 575 811 800 861; x_wconf 76' lang='lat' dir='ltr'>secratur,</span> <span class='ocrx_word' id='word_1_42' title='bbox 832 812 926 847; x_wconf 92' lang='lat' dir='ltr'>tum</span> <span class='ocrx_word' id='word_1_43' title='bbox 959 810 1157 861; x_wconf 89' lang='lat' dir='ltr'>ereptam</span> <span class='ocrx_word' id='word_1_44' title='bbox 1192 805 1277 845; x_wconf 89' lang='lat' dir='ltr'>sibi</span> <span class='ocrx_word' id='word_1_45' title='bbox 1310 819 1334 846; x_wconf 90' lang='lat' dir='ltr'>a</span> <span class='ocrx_word' id='word_1_46' title='bbox 1356 804 1591 860; x_wconf 80' lang='lat' dir='ltr'>Strymone</span> <span class='ocrx_word' id='word_1_47' title='bbox 1627 805 1764 847; x_wconf 90' lang='lat' dir='ltr'>fluvio</span> <span class='ocrx_word' id='word_1_48' title='bbox 1798 805 1978 859; x_wconf 83' lang='lat' dir='ltr'>virgini-</span> 
     </span>
     <span class='ocr_line' id='line_1_8' title="bbox 573 881 1978 937; baseline -0.003 -13"><span class='ocrx_word' id='word_1_49' title='bbox 573 887 709 925; x_wconf 88' lang='lat' dir='ltr'>tatem</span> <span class='ocrx_word' id='word_1_50' title='bbox 752 882 1079 937; x_wconf 81' lang='lat' dir='ltr'>spectatoribus</span> <span class='ocrx_word' id='word_1_51' title='bbox 1124 885 1305 922; x_wconf 86' lang='lat' dir='ltr'>enarrat</span> <span class='ocrx_word' id='word_1_52' title='bbox 1346 881 1564 937; x_wconf 89' lang='lat' dir='ltr'>puerique</span> <span class='ocrx_word' id='word_1_53' title='bbox 1608 885 1798 932; x_wconf 80' lang='lat' dir='ltr'>sortem,</span> <span class='ocrx_word' id='word_1_54' title='bbox 1847 895 1978 936; x_wconf 89' lang='lat' dir='ltr'>quem</span> 
     </span>
     <span class='ocr_line' id='line_1_9' title="bbox 576 956 1978 1012; baseline -0.004 -11"><span class='ocrx_word' id='word_1_55' title='bbox 576 960 753 1001; x_wconf 85' lang='lat' dir='ltr'>Troiam</span> <span class='ocrx_word' id='word_1_56' title='bbox 786 960 964 1001; x_wconf 89' lang='lat' dir='ltr'>venisse</span> <span class='ocrx_word' id='word_1_57' title='bbox 998 958 1131 1000; x_wconf 87' lang='lat' dir='ltr'>valde</span> <span class='ocrx_word' id='word_1_58' title='bbox 1164 957 1304 1012; x_wconf 84' lang='lat' dir='ltr'>luget,</span> <span class='ocrx_word' id='word_1_59' title='bbox 1337 957 1484 1012; x_wconf 89' lang='lat' dir='ltr'>palam</span> <span class='ocrx_word' id='word_1_60' title='bbox 1507 957 1787 1011; x_wconf 79' lang='lat' dir='ltr'>pronunciat.</span> <span class='ocrx_word' id='word_1_61' title='bbox 1826 981 1875 985; x_wconf 86' lang='lat'>—</span> <span class='ocrx_word' id='word_1_62' title='bbox 1909 956 1978 996; x_wconf 90' lang='lat' dir='ltr'>Ne</span> 
     </span>
     <span class='ocr_line' id='line_1_10' title="bbox 575 1032 1980 1088; baseline -0.004 -11"><span class='ocrx_word' id='word_1_63' title='bbox 575 1040 726 1077; x_wconf 86' lang='lat' dir='ltr'>tamen</span> <span class='ocrx_word' id='word_1_64' title='bbox 768 1035 925 1076; x_wconf 87' lang='lat' dir='ltr'>credas</span> <span class='ocrx_word' id='word_1_65' title='bbox 970 1048 1065 1076; x_wconf 86' lang='lat' dir='ltr'>eam</span> <span class='ocrx_word' id='word_1_66' title='bbox 1110 1033 1193 1075; x_wconf 87' lang='lat' dir='ltr'>sibi</span> <span class='ocrx_word' id='word_1_67' title='bbox 1235 1037 1454 1073; x_wconf 88' lang='lat' dir='ltr'>constare.</span> <span class='ocrx_word' id='word_1_68' title='bbox 1490 1058 1542 1062; x_wconf 94' lang='lat'>—</span> <span class='ocrx_word' id='word_1_69' title='bbox 1575 1033 1820 1088; x_wconf 87' lang='lat' dir='ltr'>Postquam</span> <span class='ocrx_word' id='word_1_70' title='bbox 1863 1032 1980 1073; x_wconf 88' lang='lat' dir='ltr'>enim</span> 
     </span>
     <span class='ocr_line' id='line_1_11' title="bbox 575 1108 1979 1166; baseline -0.003 -14"><span class='ocrx_word' id='word_1_71' title='bbox 575 1112 687 1152; x_wconf 91' lang='lat' dir='ltr'>duos</span> <span class='ocrx_word' id='word_1_72' title='bbox 709 1111 869 1152; x_wconf 86' lang='lat' dir='ltr'>heroes</span> <span class='ocrx_word' id='word_1_73' title='bbox 892 1124 1076 1166; x_wconf 88' lang='lat' dir='ltr'>prorsus</span> <span class='ocrx_word' id='word_1_74' title='bbox 1100 1110 1358 1151; x_wconf 86' lang='lat' dir='ltr'>abominata</span> <span class='ocrx_word' id='word_1_75' title='bbox 1380 1113 1462 1161; x_wconf 90' lang='lat' dir='ltr'>est,</span> <span class='ocrx_word' id='word_1_76' title='bbox 1490 1109 1591 1161; x_wconf 90' lang='lat' dir='ltr'>iam,</span> <span class='ocrx_word' id='word_1_77' title='bbox 1623 1110 1820 1163; x_wconf 85' lang='lat' dir='ltr'>priorum</span> <span class='ocrx_word' id='word_1_78' title='bbox 1846 1108 1979 1164; x_wconf 88' lang='lat' dir='ltr'>plane</span> 
     </span>
     <span class='ocr_line' id='line_1_12' title="bbox 574 1184 1981 1243; baseline -0.004 -14"><span class='ocrx_word' id='word_1_79' title='bbox 574 1189 734 1243; x_wconf 84' lang='lat' dir='ltr'>oblita,</span> <span class='ocrx_word' id='word_1_80' title='bbox 773 1188 885 1229; x_wconf 85' lang='lat' dir='ltr'>nihil</span> <span class='ocrx_word' id='word_1_81' title='bbox 923 1188 1130 1240; x_wconf 81' lang='lat' dir='ltr'>Ulixem,</span> <span class='ocrx_word' id='word_1_82' title='bbox 1171 1186 1282 1226; x_wconf 90' lang='lat' dir='ltr'>nihil</span> <span class='ocrx_word' id='word_1_83' title='bbox 1325 1184 1588 1226; x_wconf 83' lang='lat' dir='ltr'>Diomedem</span> <span class='ocrx_word' id='word_1_84' title='bbox 1629 1197 1840 1240; x_wconf 79' lang='lat' dir='ltr'>peccasse</span> <span class='ocrx_word' id='word_1_85' title='bbox 1879 1197 1981 1238; x_wconf 86' lang='lat' dir='ltr'>per-</span> 
     </span>
     <span class='ocr_line' id='line_1_13' title="bbox 573 1259 1981 1317; baseline -0.004 -12"><span class='ocrx_word' id='word_1_86' title='bbox 573 1264 736 1306; x_wconf 89' lang='lat' dir='ltr'>hibens</span> <span class='ocrx_word' id='word_1_87' title='bbox 784 1277 958 1305; x_wconf 91' lang='lat' dir='ltr'>omnem</span> <span class='ocrx_word' id='word_1_88' title='bbox 1001 1262 1178 1317; x_wconf 90' lang='lat' dir='ltr'>culpam</span> <span class='ocrx_word' id='word_1_89' title='bbox 1226 1262 1302 1302; x_wconf 91' lang='lat' dir='ltr'>uni</span> <span class='ocrx_word' id='word_1_90' title='bbox 1335 1260 1566 1303; x_wconf 88' lang='lat' dir='ltr'>Minervae</span> <span class='ocrx_word' id='word_1_91' title='bbox 1608 1261 1775 1301; x_wconf 84' lang='lat' dir='ltr'>tribuit.</span> <span class='ocrx_word' id='word_1_92' title='bbox 1839 1259 1981 1307; x_wconf 80' lang='lat' dir='ltr'>Quam</span> 
     </span>
     <span class='ocr_line' id='line_1_14' title="bbox 575 1335 1980 1390; baseline -0.005 -8"><span class='ocrx_word' id='word_1_93' title='bbox 575 1341 705 1382; x_wconf 89' lang='lat' dir='ltr'>deam</span> <span class='ocrx_word' id='word_1_94' title='bbox 738 1340 998 1381; x_wconf 88' lang='lat' dir='ltr'>criminatur</span> <span class='ocrx_word' id='word_1_95' title='bbox 1029 1339 1157 1380; x_wconf 90' lang='lat' dir='ltr'>velut</span> <span class='ocrx_word' id='word_1_96' title='bbox 1188 1338 1488 1378; x_wconf 89' lang='lat' dir='ltr'>immemorem</span> <span class='ocrx_word' id='word_1_97' title='bbox 1520 1335 1854 1389; x_wconf 85' lang='lat' dir='ltr'>beneficiorum,</span> <span class='ocrx_word' id='word_1_98' title='bbox 1888 1335 1980 1390; x_wconf 87' lang='lat' dir='ltr'>qui-</span> 
     </span>
     <span class='ocr_line' id='line_1_15' title="bbox 574 1411 1981 1466; baseline -0.005 -7"><span class='ocrx_word' id='word_1_99' title='bbox 574 1417 660 1459; x_wconf 92' lang='lat' dir='ltr'>bus</span> <span class='ocrx_word' id='word_1_100' title='bbox 709 1417 868 1458; x_wconf 92' lang='lat' dir='ltr'>urbem</span> <span class='ocrx_word' id='word_1_101' title='bbox 909 1414 1089 1456; x_wconf 87' lang='lat' dir='ltr'>Palladi</span> <span class='ocrx_word' id='word_1_102' title='bbox 1132 1414 1341 1455; x_wconf 89' lang='lat' dir='ltr'>dilectam</span> <span class='ocrx_word' id='word_1_103' title='bbox 1386 1426 1563 1454; x_wconf 87' lang='lat' dir='ltr'>sorores</span> <span class='ocrx_word' id='word_1_104' title='bbox 1603 1411 1759 1453; x_wconf 84' lang='lat' dir='ltr'>Musae</span> <span class='ocrx_word' id='word_1_105' title='bbox 1808 1425 1981 1466; x_wconf 81' lang='lat' dir='ltr'>semper</span> 
     </span>
     <span class='ocr_line' id='line_1_16' title="bbox 575 1488 1980 1548; baseline -0.005 -13"><span class='ocrx_word' id='word_1_106' title='bbox 575 1494 892 1545; x_wconf 86' lang='lat' dir='ltr'>honorassent,</span> <span class='ocrx_word' id='word_1_107' title='bbox 922 1505 1060 1548; x_wconf 91' lang='lat' dir='ltr'>seque</span> <span class='ocrx_word' id='word_1_108' title='bbox 1079 1490 1416 1533; x_wconf 88' lang='lat' dir='ltr'>benivolentiae</span> <span class='ocrx_word' id='word_1_109' title='bbox 1441 1492 1486 1530; x_wconf 87' lang='lat' dir='ltr'>in</span> <span class='ocrx_word' id='word_1_110' title='bbox 1510 1489 1712 1530; x_wconf 86' lang='lat' dir='ltr'>Athenas</span> <span class='ocrx_word' id='word_1_111' title='bbox 1737 1488 1980 1544; x_wconf 86' lang='lat' dir='ltr'>praemium</span> 
     </span>
     <span class='ocr_line' id='line_1_17' title="bbox 574 1565 1980 1623; baseline -0.005 -11"><span class='ocrx_word' id='word_1_112' title='bbox 574 1570 654 1612; x_wconf 87' lang='lat' dir='ltr'>filii</span> <span class='ocrx_word' id='word_1_113' title='bbox 686 1573 923 1611; x_wconf 90' lang='lat' dir='ltr'>cruentum</span> <span class='ocrx_word' id='word_1_114' title='bbox 956 1582 1118 1623; x_wconf 91' lang='lat' dir='ltr'>corpus</span> <span class='ocrx_word' id='word_1_115' title='bbox 1161 1571 1339 1622; x_wconf 84' lang='lat' dir='ltr'>gestare</span> <span class='ocrx_word' id='word_1_116' title='bbox 1370 1566 1620 1621; x_wconf 88' lang='lat' dir='ltr'>profitetur.</span> <span class='ocrx_word' id='word_1_117' title='bbox 1655 1591 1707 1595; x_wconf 93' lang='lat'>—</span> <span class='ocrx_word' id='word_1_118' title='bbox 1742 1565 1843 1606; x_wconf 83' lang='lat' dir='ltr'>Jam</span> <span class='ocrx_word' id='word_1_119' title='bbox 1874 1577 1980 1606; x_wconf 92' lang='lat' dir='ltr'>vero</span> 
     </span>
     <span class='ocr_line' id='line_1_18' title="bbox 575 1641 1982 1702; baseline -0.006 -13"><span class='ocrx_word' id='word_1_120' title='bbox 575 1647 762 1700; x_wconf 88' lang='lat' dir='ltr'>Hector,</span> <span class='ocrx_word' id='word_1_121' title='bbox 795 1661 930 1702; x_wconf 86' lang='lat' dir='ltr'>supra</span> <span class='ocrx_word' id='word_1_122' title='bbox 960 1645 1102 1687; x_wconf 83' lang='lat' dir='ltr'>multa</span> <span class='ocrx_word' id='word_1_123' title='bbox 1135 1648 1177 1685; x_wconf 90' lang='lat' dir='ltr'>et</span> <span class='ocrx_word' id='word_1_124' title='bbox 1210 1643 1375 1685; x_wconf 83' lang='lat' dir='ltr'>acerba</span> <span class='ocrx_word' id='word_1_125' title='bbox 1406 1657 1506 1684; x_wconf 91' lang='lat' dir='ltr'>cum</span> <span class='ocrx_word' id='word_1_126' title='bbox 1537 1642 1692 1696; x_wconf 80' lang='lat' dir='ltr'>auriga</span> <span class='ocrx_word' id='word_1_127' title='bbox 1725 1641 1982 1693; x_wconf 87' lang='lat' dir='ltr'>altercatus,</span> 
     </span>
     <span class='ocr_line' id='line_1_19' title="bbox 577 1716 1980 1772; baseline -0.006 -7"><span class='ocrx_word' id='word_1_128' title='bbox 577 1738 623 1765; x_wconf 91' lang='lat' dir='ltr'>se</span> <span class='ocrx_word' id='word_1_129' title='bbox 656 1724 728 1767; x_wconf 91' lang='lat' dir='ltr'>vel</span> <span class='ocrx_word' id='word_1_130' title='bbox 761 1723 856 1765; x_wconf 88' lang='lat' dir='ltr'>sine</span> <span class='ocrx_word' id='word_1_131' title='bbox 889 1723 987 1764; x_wconf 90' lang='lat' dir='ltr'>Dea</span> <span class='ocrx_word' id='word_1_132' title='bbox 1030 1721 1179 1763; x_wconf 86' lang='lat' dir='ltr'>caedis</span> <span class='ocrx_word' id='word_1_133' title='bbox 1223 1723 1453 1761; x_wconf 87' lang='lat' dir='ltr'>auctorem</span> <span class='ocrx_word' id='word_1_134' title='bbox 1492 1719 1610 1760; x_wconf 90' lang='lat' dir='ltr'>bene</span> <span class='ocrx_word' id='word_1_135' title='bbox 1644 1717 1871 1772; x_wconf 83' lang='lat' dir='ltr'>cognitum</span> <span class='ocrx_word' id='word_1_136' title='bbox 1902 1716 1980 1757; x_wconf 88' lang='lat' dir='ltr'>ha-</span> 
     </span>
     <span class='ocr_line' id='line_1_20' title="bbox 575 1795 1981 1852; baseline -0.007 -9"><span class='ocrx_word' id='word_1_137' title='bbox 575 1801 726 1843; x_wconf 89' lang='lat' dir='ltr'>buisse</span> <span class='ocrx_word' id='word_1_138' title='bbox 761 1808 1015 1851; x_wconf 87' lang='lat' dir='ltr'>asseverat,</span> <span class='ocrx_word' id='word_1_139' title='bbox 1061 1802 1102 1838; x_wconf 90' lang='lat' dir='ltr'>et</span> <span class='ocrx_word' id='word_1_140' title='bbox 1145 1810 1201 1838; x_wconf 92' lang='lat' dir='ltr'>ne</span> <span class='ocrx_word' id='word_1_141' title='bbox 1241 1796 1339 1852; x_wconf 89' lang='lat' dir='ltr'>quis</span> <span class='ocrx_word' id='word_1_142' title='bbox 1382 1795 1681 1850; x_wconf 88' lang='lat' dir='ltr'>suspicionem</span> <span class='ocrx_word' id='word_1_143' title='bbox 1713 1797 1891 1846; x_wconf 86' lang='lat' dir='ltr'>teneat,</span> <span class='ocrx_word' id='word_1_144' title='bbox 1935 1807 1981 1834; x_wconf 89' lang='lat' dir='ltr'>se</span> 
     </span>
     <span class='ocr_line' id='line_1_21' title="bbox 575 1869 1982 1934; baseline -0.008 -14"><span class='ocrx_word' id='word_1_145' title='bbox 575 1892 665 1920; x_wconf 91' lang='lat' dir='ltr'>non</span> <span class='ocrx_word' id='word_1_146' title='bbox 697 1878 896 1934; x_wconf 83' lang='lat' dir='ltr'>gaudere</span> <span class='ocrx_word' id='word_1_147' title='bbox 929 1875 1071 1917; x_wconf 83' lang='lat' dir='ltr'>Rhesi</span> <span class='ocrx_word' id='word_1_148' title='bbox 1109 1878 1250 1915; x_wconf 92' lang='lat' dir='ltr'>morte</span> <span class='ocrx_word' id='word_1_149' title='bbox 1290 1873 1432 1914; x_wconf 89' lang='lat' dir='ltr'>libere</span> <span class='ocrx_word' id='word_1_150' title='bbox 1473 1872 1654 1913; x_wconf 87' lang='lat' dir='ltr'>fatetur.</span> <span class='ocrx_word' id='word_1_151' title='bbox 1688 1896 1740 1900; x_wconf 91' lang='lat'>—</span> <span class='ocrx_word' id='word_1_152' title='bbox 1774 1869 1982 1924; x_wconf 90' lang='lat' dir='ltr'>Denique</span> 
     </span>
     <span class='ocr_line' id='line_1_22' title="bbox 574 1947 1978 2009; baseline -0.007 -13"><span class='ocrx_word' id='word_1_153' title='bbox 574 1953 706 1995; x_wconf 87' lang='lat' dir='ltr'>Musa</span> <span class='ocrx_word' id='word_1_154' title='bbox 738 1953 903 2006; x_wconf 88' lang='lat' dir='ltr'>omnia,</span> <span class='ocrx_word' id='word_1_155' title='bbox 948 1965 1061 2009; x_wconf 89' lang='lat' dir='ltr'>quae</span> <span class='ocrx_word' id='word_1_156' title='bbox 1097 1949 1303 1991; x_wconf 84' lang='lat' dir='ltr'>Troianis</span> <span class='ocrx_word' id='word_1_157' title='bbox 1344 1949 1540 1990; x_wconf 88' lang='lat' dir='ltr'>obscura</span> <span class='ocrx_word' id='word_1_158' title='bbox 1580 1947 1653 1990; x_wconf 90' lang='lat' dir='ltr'>vel</span> <span class='ocrx_word' id='word_1_159' title='bbox 1684 1947 1836 2002; x_wconf 82' lang='lat' dir='ltr'>ignota</span> <span class='ocrx_word' id='word_1_160' title='bbox 1880 1958 1978 1987; x_wconf 88' lang='lat' dir='ltr'>esse</span> 
     </span>
     <span class='ocr_line' id='line_1_23' title="bbox 573 2021 1982 2086; baseline -0.006 -16"><span class='ocrx_word' id='word_1_161' title='bbox 573 2035 799 2086; x_wconf 88' lang='lat' dir='ltr'>poterant,</span> <span class='ocrx_word' id='word_1_162' title='bbox 830 2029 953 2071; x_wconf 87' lang='lat' dir='ltr'>haud</span> <span class='ocrx_word' id='word_1_163' title='bbox 983 2028 1163 2070; x_wconf 88' lang='lat' dir='ltr'>indocte</span> <span class='ocrx_word' id='word_1_164' title='bbox 1198 2025 1409 2082; x_wconf 81' lang='lat' dir='ltr'>explicat,</span> <span class='ocrx_word' id='word_1_165' title='bbox 1443 2024 1616 2066; x_wconf 89' lang='lat' dir='ltr'>divinos</span> <span class='ocrx_word' id='word_1_166' title='bbox 1650 2023 1729 2064; x_wconf 89' lang='lat' dir='ltr'>filii</span> <span class='ocrx_word' id='word_1_167' title='bbox 1760 2023 1806 2064; x_wconf 89' lang='lat' dir='ltr'>in</span> <span class='ocrx_word' id='word_1_168' title='bbox 1841 2021 1982 2063; x_wconf 90' lang='lat' dir='ltr'>Thra-</span> 
     </span>
     <span class='ocr_line' id='line_1_24' title="bbox 575 2099 1979 2160; baseline -0.006 -13"><span class='ocrx_word' id='word_1_169' title='bbox 575 2106 642 2147; x_wconf 84' lang='lat' dir='ltr'>cia</span> <span class='ocrx_word' id='word_1_170' title='bbox 675 2105 872 2147; x_wconf 85' lang='lat' dir='ltr'>honores</span> <span class='ocrx_word' id='word_1_171' title='bbox 915 2103 1154 2160; x_wconf 83' lang='lat' dir='ltr'>praedicit,</span> <span class='ocrx_word' id='word_1_172' title='bbox 1202 2102 1400 2143; x_wconf 85' lang='lat' dir='ltr'>indicata</span> <span class='ocrx_word' id='word_1_173' title='bbox 1442 2101 1572 2143; x_wconf 90' lang='lat' dir='ltr'>simul</span> <span class='ocrx_word' id='word_1_174' title='bbox 1605 2099 1798 2141; x_wconf 89' lang='lat' dir='ltr'>Achillis</span> <span class='ocrx_word' id='word_1_175' title='bbox 1838 2102 1979 2139; x_wconf 91' lang='lat' dir='ltr'>morte</span> 
     </span>
     <span class='ocr_line' id='line_1_25' title="bbox 577 2176 1983 2237; baseline -0.007 -13"><span class='ocrx_word' id='word_1_176' title='bbox 577 2182 872 2237; x_wconf 87' lang='lat' dir='ltr'>Thetidisque</span> <span class='ocrx_word' id='word_1_177' title='bbox 905 2181 1045 2222; x_wconf 85' lang='lat' dir='ltr'>luctu.</span> <span class='ocrx_word' id='word_1_178' title='bbox 1109 2179 1291 2221; x_wconf 82' lang='lat' dir='ltr'>Claudit</span> <span class='ocrx_word' id='word_1_179' title='bbox 1323 2193 1430 2220; x_wconf 87' lang='lat' dir='ltr'>vero</span> <span class='ocrx_word' id='word_1_180' title='bbox 1464 2177 1711 2219; x_wconf 86' lang='lat' dir='ltr'>orationem</span> <span class='ocrx_word' id='word_1_181' title='bbox 1742 2176 1840 2216; x_wconf 94' lang='grc'>1000</span> <span class='ocrx_word' id='word_1_182' title='bbox 1865 2187 1983 2215; x_wconf 91' lang='lat' dir='ltr'>com-</span> 
     </span>
     <span class='ocr_line' id='line_1_26' title="bbox 575 2252 1983 2313; baseline -0.008 -12"><span class='ocrx_word' id='word_1_183' title='bbox 575 2260 719 2313; x_wconf 88' lang='lat' dir='ltr'>muni,</span> <span class='ocrx_word' id='word_1_184' title='bbox 756 2260 892 2301; x_wconf 90' lang='lat' dir='ltr'>vitam</span> <span class='ocrx_word' id='word_1_185' title='bbox 932 2257 1132 2299; x_wconf 88' lang='lat' dir='ltr'>sterilem</span> <span class='ocrx_word' id='word_1_186' title='bbox 1164 2255 1360 2297; x_wconf 88' lang='lat' dir='ltr'>fecundo</span> <span class='ocrx_word' id='word_1_187' title='bbox 1392 2252 1672 2296; x_wconf 84' lang='lat' dir='ltr'>matrimonio</span> <span class='ocrx_word' id='word_1_188' title='bbox 1704 2264 1983 2308; x_wconf 91' lang='lat' dir='ltr'>praeponen-</span> 
     </span>
     <span class='ocr_line' id='line_1_27' title="bbox 577 2330 1981 2385; baseline -0.008 -8"><span class='ocrx_word' id='word_1_189' title='bbox 577 2336 678 2378; x_wconf 89' lang='lat' dir='ltr'>dam</span> <span class='ocrx_word' id='word_1_190' title='bbox 722 2349 836 2378; x_wconf 87' lang='lat' dir='ltr'>esse.</span> <span class='ocrx_word' id='word_1_191' title='bbox 870 2359 923 2364; x_wconf 81' lang='lat'>-—-</span> <span class='ocrx_word' id='word_1_192' title='bbox 956 2333 1191 2374; x_wconf 88' lang='lat' dir='ltr'>Postremo</span> <span class='ocrx_word' id='word_1_193' title='bbox 1234 2332 1330 2373; x_wconf 89' lang='lat' dir='ltr'>sole</span> <span class='ocrx_word' id='word_1_194' title='bbox 1370 2330 1540 2371; x_wconf 90' lang='lat' dir='ltr'>oriente</span> <span class='ocrx_word' id='word_1_195' title='bbox 1578 2333 1813 2385; x_wconf 86' lang='lat' dir='ltr'>postquam</span> <span class='ocrx_word' id='word_1_196' title='bbox 1855 2340 1981 2367; x_wconf 82' lang='lat' dir='ltr'>exer-</span> 
     </span>
     <span class='ocr_line' id='line_1_28' title="bbox 576 2403 1983 2461; baseline -0.009 -6"><span class='ocrx_word' id='word_1_197' title='bbox 576 2414 689 2454; x_wconf 85' lang='lat' dir='ltr'>eitus</span> <span class='ocrx_word' id='word_1_198' title='bbox 725 2412 884 2454; x_wconf 88' lang='lat' dir='ltr'>armari</span> <span class='ocrx_word' id='word_1_199' title='bbox 901 2412 1052 2452; x_wconf 89' lang='lat' dir='ltr'>iussus</span> <span class='ocrx_word' id='word_1_200' title='bbox 1073 2413 1140 2451; x_wconf 89' lang='lat' dir='ltr'>est</span> <span class='ocrx_word' id='word_1_201' title='bbox 1163 2412 1206 2450; x_wconf 91' lang='lat' dir='ltr'>et</span> <span class='ocrx_word' id='word_1_202' title='bbox 1223 2408 1394 2448; x_wconf 90' lang='lat' dir='ltr'>Hector</span> <span class='ocrx_word' id='word_1_203' title='bbox 1433 2420 1509 2461; x_wconf 88' lang='lat' dir='ltr'>spe</span> <span class='ocrx_word' id='word_1_204' title='bbox 1548 2404 1762 2448; x_wconf 89' lang='lat' dir='ltr'>victoriae</span> <span class='ocrx_word' id='word_1_205' title='bbox 1797 2403 1983 2444; x_wconf 86' lang='lat' dir='ltr'>effertur</span> 
     </span>
     <span class='ocr_line' id='line_1_29' title="bbox 577 2479 1982 2539; baseline -0.008 -9"><span class='ocrx_word' id='word_1_206' title='bbox 577 2493 620 2530; x_wconf 92' lang='lat' dir='ltr'>et</span> <span class='ocrx_word' id='word_1_207' title='bbox 636 2488 798 2530; x_wconf 88' lang='lat' dir='ltr'>milites</span> <span class='ocrx_word' id='word_1_208' title='bbox 819 2487 1066 2539; x_wconf 89' lang='lat' dir='ltr'>confidunt,</span> <span class='ocrx_word' id='word_1_209' title='bbox 1085 2486 1182 2527; x_wconf 88' lang='lat' dir='ltr'>fore</span> <span class='ocrx_word' id='word_1_210' title='bbox 1209 2488 1258 2525; x_wconf 94' lang='lat' dir='ltr'>ut</span> <span class='ocrx_word' id='word_1_211' title='bbox 1284 2483 1344 2524; x_wconf 88' lang='lat' dir='ltr'>dii</span> <span class='ocrx_word' id='word_1_212' title='bbox 1369 2482 1597 2524; x_wconf 85' lang='lat' dir='ltr'>victoriam</span> <span class='ocrx_word' id='word_1_213' title='bbox 1616 2481 1700 2523; x_wconf 91' lang='lat' dir='ltr'>sibi</span> <span class='ocrx_word' id='word_1_214' title='bbox 1719 2479 1982 2522; x_wconf 88' lang='lat' dir='ltr'>concedant.</span> 
     </span>
    </p>

    <p class='ocr_par' dir='ltr' id='par_1_3' title="bbox 573 2555 1983 2848">
     <span class='ocr_line' id='line_1_30' title="bbox 664 2555 1983 2619; baseline -0.008 -14"><span class='ocrx_word' id='word_1_215' title='bbox 664 2563 798 2605; x_wconf 90' lang='lat' dir='ltr'>Nunc</span> <span class='ocrx_word' id='word_1_216' title='bbox 822 2563 1011 2619; x_wconf 90' lang='lat' dir='ltr'>primum</span> <span class='ocrx_word' id='word_1_217' title='bbox 1042 2560 1371 2616; x_wconf 87' lang='lat' dir='ltr'>quaerendum,</span> <span class='ocrx_word' id='word_1_218' title='bbox 1404 2558 1664 2614; x_wconf 90' lang='lat' dir='ltr'>quomodo</span> <span class='ocrx_word' id='word_1_219' title='bbox 1698 2555 1983 2598; x_wconf 90' lang='lat' dir='ltr'>Doloniam</span> 
     </span>
     <span class='ocr_line' id='line_1_31' title="bbox 575 2630 1982 2694; baseline -0.009 -11"><span class='ocrx_word' id='word_1_220' title='bbox 575 2639 935 2683; x_wconf 87' lang='lat' dir='ltr'>tractaverit</span> <span class='ocrx_word' id='word_1_221' title='bbox 967 2642 1114 2694; x_wconf 89' lang='lat' dir='ltr'>poeta.</span> <span class='ocrx_word' id='word_1_222' title='bbox 1157 2662 1210 2667; x_wconf 81' lang='lat'>-—</span> <span class='ocrx_word' id='word_1_223' title='bbox 1252 2636 1310 2677; x_wconf 89' lang='lat' dir='ltr'>Et</span> <span class='ocrx_word' id='word_1_224' title='bbox 1343 2649 1557 2677; x_wconf 90' lang='lat' dir='ltr'>summam</span> <span class='ocrx_word' id='word_1_225' title='bbox 1591 2633 1770 2689; x_wconf 89' lang='lat' dir='ltr'>quidem</span> <span class='ocrx_word' id='word_1_226' title='bbox 1798 2630 1982 2673; x_wconf 86' lang='lat' dir='ltr'>fabulae</span> 
     </span>
     <span class='ocr_line' id='line_1_32' title="bbox 576 2711 1981 2774; baseline -0.009 -15"><span class='ocrx_word' id='word_1_227' title='bbox 576 2730 846 2774; x_wconf 88' lang='lat' dir='ltr'>quamquam</span> <span class='ocrx_word' id='word_1_228' title='bbox 864 2729 954 2757; x_wconf 89' lang='lat' dir='ltr'>non</span> <span class='ocrx_word' id='word_1_229' title='bbox 970 2714 1176 2768; x_wconf 86' lang='lat' dir='ltr'>mutavit,</span> <span class='ocrx_word' id='word_1_230' title='bbox 1200 2713 1422 2754; x_wconf 90' lang='lat' dir='ltr'>Dolonem</span> <span class='ocrx_word' id='word_1_231' title='bbox 1448 2711 1548 2752; x_wconf 90' lang='lat' dir='ltr'>dico</span> <span class='ocrx_word' id='word_1_232' title='bbox 1575 2711 1630 2753; x_wconf 88' lang='lat' dir='ltr'>ad</span> <span class='ocrx_word' id='word_1_233' title='bbox 1655 2713 1802 2752; x_wconf 84' lang='lat' dir='ltr'>castra</span> <span class='ocrx_word' id='word_1_234' title='bbox 1819 2720 1981 2763; x_wconf 86' lang='lat' dir='ltr'>graeca</span> 
     </span>
     <span class='ocr_line' id='line_1_33' title="bbox 573 2785 1979 2848; baseline -0.009 -13"><span class='ocrx_word' id='word_1_235' title='bbox 573 2794 756 2835; x_wconf 86' lang='lat' dir='ltr'>missum</span> <span class='ocrx_word' id='word_1_236' title='bbox 777 2792 1173 2848; x_wconf 85' lang='lat' dir='ltr'>interfectumque,</span> <span class='ocrx_word' id='word_1_237' title='bbox 1205 2787 1434 2830; x_wconf 87' lang='lat' dir='ltr'>Diomedis</span> <span class='ocrx_word' id='word_1_238' title='bbox 1454 2786 1697 2843; x_wconf 82' lang='lat' dir='ltr'>Ulixisque</span> <span class='ocrx_word' id='word_1_239' title='bbox 1722 2785 1979 2835; x_wconf 86' lang='lat' dir='ltr'>adventum,</span> 
     </span>
    </p>
   </div>
  </div>
 </body>
</html>
