2238 3418
1068 309 1366 350 -56-

517 426 608 468 ciae
641 430 682 468 et
713 427 891 468 tumoris
925 426 1083 468 crimen
1118 423 1379 467 incurre1·it.“
1416 449 1471 453 —
1505 425 1617 467 Sane
1651 426 1719 478 qui
1752 426 1813 467 ita
1838 426 1920 468 dis-

516 506 637 556 putat
667 502 855 555 vitiaque
893 501 1063 543 fabulae
1106 501 1149 542 in
1191 500 1299 541 hunc
1342 500 1513 542 modum
1555 501 1723 543 elevare
1761 501 1919 562 studet,

519 591 614 619 eum
635 591 850 631 nunquam
872 577 1150 632 perducemus
1169 582 1213 617 ut
1245 576 1479 631 intellegat,
1503 582 1588 617 tam
1608 577 1737 618 multa
1756 578 1922 619 infirma

517 653 673 707 frigida
703 653 840 695 futilia
873 665 983 695 esse.
1017 677 1072 682 —
1106 651 1225 701 Quae
1257 666 1357 694 vero
1392 652 1539 694 habuit
1563 653 1614 694 de
1647 652 1808 695 duobus
1830 666 1922 708 pro-

516 728 639 781 logis,
673 741 723 769 ea
754 729 994 770 rectissime
1026 727 1228 769 refutavit
1261 727 1431 770 Godofr.
1455 729 1682 769 Hermann.
1716 728 1742 770 1.
1776 729 1802 771 1.

633 803 756 858 Apud
780 804 1049 857 Gruppium
1071 802 1101 857 ¹)
1135 803 1266 844 multa
1286 804 1495 858 speciosa,
1518 809 1704 846 attamen
1732 805 1784 846 ab
1810 805 1922 846 omni

513 879 824 934 probabilitatis
860 879 1000 933 specie
1035 878 1240 920 destituta
1272 891 1369 920 esse
1403 879 1594 920 omnibus
1646 878 1919 932 „A1·iadnae“

514 955 739 997 lectoribus
773 959 954 997 constat.
998 955 1050 995 Et
1082 953 1134 995 de
1167 955 1248 996 hac
1281 945 1425 997 nostra
1445 954 1591 997 fabula
1614 969 1706 996 eum
1731 955 1923 997 inaudita

514 1030 762 1085 protulisse,
794 1030 883 1072 iure
906 1030 1256 1084 Welckerus2)
1290 1035 1330 1071 et
1352 1029 1620 1086 Vaterus³)
1663 1031 1921 1073 demonstra—

514 1111 623 1148 runt.
685 1105 865 1148 Accedit
897 1106 1026 1147 etiam
1060 1105 1172 1159 quod
1215 1119 1324 1159 quae
1368 1108 1547 1148 coniecit
1585 1106 1699 1148 mala
1736 1107 1923 1149 nituntur

513 1183 738 1224 verborum
769 1182 1133 1236 interpretatione.
1169 1181 1225 1235 (e.
1260 1196 1294 1224 6.
1329 1195 1436 1235 quae
1470 1182 1521 1224 de
1544 1196 1670 1224 versu
1692 1183 1923 1224 945—946

514 1262 555 1300 et
587 1258 671 1299 949
705 1258 939 1300 hariolatus
973 1256 1071 1311 est.)
1136 1258 1293 1299 Verum
1325 1258 1528 1300 nonnulla
1561 1271 1654 1299 eum
1696 1259 1835 1313 lepide
1869 1260 1922 1301 de

511 1333 682 1376 fabulae
715 1334 961 1377 oeconomia
995 1333 1240 1388 disputasse
1274 1334 1421 1387 negari
1453 1348 1539 1375 11611
1572 1340 1723 1388 potest.

627 1410 812 1452 Nimium
844 1409 1058 1464 Euripidis
1092 1409 1352 1452 laudatorem
1386 1410 1513 1451 etiam
1545 1410 1625 1451 hac
1657 1412 1701 1452 in
1747 1424 1791 1452 re
1838 1425 1922 1452 mo-

515 1484 613 1526 dum
636 1487 876 1527 excessisse
905 1486 993 1527 iure
1013 1490 1266 1540 exspectant
1284 1486 1352 1538 qui
1378 1486 1694 1540 „Euripidem
1722 1487 1926 1528 restitu-

511 1560 636 1602 tum“
672 1561 959 1615 cognoverint.
1001 1561 1050 1603 Id
1083 1561 1194 1615 quod
1227 1562 1453 1616 praestitit,
1487 1562 1646 1616 opinor,
1680 1562 1923 1617 Euripidem

514 1636 657 1690 (quem
690 1651 784 1679 cum
816 1651 1026 1679 marmore
1057 1638 1178 1692 pario
1212 1651 1250 1678 a.
1284 1637 1369 1678 485
1402 1642 1546 1678 natum
1580 1651 1677 1679 esse
1705 1637 1920 1693 perhibet)

515 1712 653 1754 hieme
689 1714 786 1754 anni
818 1714 904 1754 465
935 1713 1047 1754 hanc
1080 1713 1267 1754 Rhesum
1301 1713 1443 1765 egisse
1477 1714 1772 1767 proclamans:
1810 1729 1849 1768 p.
1885 1716 1923 1756 8.

518 1788 657 1842 „finge
691 1802 740 1831 eo
773 1793 962 1843 tempore
997 1789 1198 1843 scriptum
1228 1788 1477 1841 doctumque
1500 1789 1685 1831 Rhesum
1708 1805 1819 1845 esse,
1844 1806 1923 1845 quo

513 1864 611 1907 loca
642 1864 718 1906 illa
760 1863 834 1918 (de
868 1864 1113 1919 Amphipoli
1155 1865 1382 1919 praecipue
1427 1879 1564 1906 sermo
1608 1865 1692 1920 est)
1736 1867 1922 1910 metallis

514 1940 797 1994 emporiisque
831 1940 981 1981 divitia
1013 1940 1297 1982 Athenienses
1342 1940 1504 1982 colonis
1548 1955 1757 1996 occupare
1800 1957 1924 1984 cona-

513 2015 680 2068 bantur,
714 2020 756 2057 et
787 2015 968 2058 habebis
1001 2029 1201 2058 caussam
1224 2015 1464 2058 laudandae
1487 2014 1563 2070 τής
1581 2011 1803 2071 ὑπαργύρου
1824 2019 1923 2071 >2350-

513 2089 588 2141 νός,
620 2090 786 2132 videbis
820 2091 951 2132 totius
984 2092 1235 2145 tragoediae
1271 2092 1522 2133 scribendae
1560 2092 1820 2146 docendaeq.
1854 2108 1923 2148 op-

512 2167 827 2221 portunitatem.
853 2191 904 2195 —
929 2167 1126 2210 Deducta
1148 2172 1241 2209 erat
1262 2167 1426 2210 colonia
1448 2168 1513 2210 Ol.
1539 2169 1607 2222 78,
1631 2170 1656 2209 3
1682 2169 1770 2210 sive
1794 2169 1920 2210 466.“

512 2241 678 2296 Operae
701 2243 882 2297 pretium
910 2248 976 2284 est
999 2244 1206 2285 nonnulla
1229 2243 1516 2285 laudationum
1537 2244 1732 2297 exempla
1751 2245 1923 2287 afferre:

513 2331 552 2371 p.
574 2318 628 2359 38
660 2332 852 2372 „summa
877 2319 1099 2374 prudentia
1120 2320 1180 2361 sic
1197 2319 1385 2361 fabulam
1406 2320 1672 2374 temperavit,
1696 2324 1740 2361 ut
1757 2334 1924 2363 moven-

514 2393 579 2446 do,
614 2393 866 2451 delectando
900 2396 1176 2449 docendoque
1209 2396 1374 2438 theatro
1401 2396 1626 2450 aptissima
1655 2395 1920 2438 exsiste1·et.“

631 2470 686 2511 36
722 2484 847 2524 „vere
884 2471 1139 2524 Euripideus
1172 2471 1240 2513 hic
1282 2471 1488 2512 dramatis
1523 2471 1660 2513 exitus
1696 2476 1781 2525 est,
1822 2485 1921 2513 vere

512 2545 743 2599 Euripidea
776 2546 989 2588 subtilitas
1023 2546 1129 2589 etc.“
1163 2562 1204 2602 p.
1240 2548 1296 2588 40
1339 2547 1390 2589 de
1432 2547 1674 2590 admirabili
1717 2548 1921 2592 dramatis

607 2671 632 2712 ¹)
660 2672 847 2707 Ariadnae
874 2683 955 2717 cap.
983 2674 1155 2710 VII—X.

606 2730 632 2773 2)
660 2730 682 2766 1.
709 2731 732 2766 1.
758 2741 792 2774 p.
820 2733 911 2768 1120
938 2743 991 2778 sq.

605 2790 631 2834 3)
657 2790 812 2825 vindice.
838 2802 874 2835 p.
904 2791 1046 2829 CXXV
1072 2802 1126 2838 sq.
