2238 3418
841 294 1130 335 ..51-

276 408 520 463 Euripidem
559 414 773 453 auctorem
805 410 894 452 vult
915 409 1076 452 haberi.
1109 434 1166 439 —
1189 411 1352 454 Deinde
1374 425 1472 456 vero
1495 413 1685 455 sentiens

278 498 426 527 verum
458 490 499 527 et
530 486 756 540 probabile
801 491 1094 539 argumentum
1133 499 1179 527 se
1220 501 1303 529 non
1345 488 1543 531 attulisse
1583 489 1687 531 talia

278 560 515 616 profundit:
552 563 728 616 „merito
759 562 888 616 igitur
912 562 1169 603 contendere
1189 562 1291 604 mihi
1314 563 1471 617 videor,
1504 568 1601 619 post
1621 579 1685 617 ea,

278 650 388 690 quae
421 637 661 693 disputavi,
702 637 862 679 nullum
897 637 1151 680 dubitationi
1183 639 1320 681 iustae
1353 640 1542 682 relictum
1589 654 1687 683 esse

277 712 435 769 locum,
475 719 516 756 et
547 713 806 756 vindicatam
842 727 938 756 esse
971 714 1161 755 fabulam
1194 713 1430 769 Eu1·ipidi.“
1472 716 1686 770 (Ceterum

276 790 360 832 iam
393 796 521 833 antea
552 791 594 832 in
627 790 770 832 Jahnii
805 790 947 832 annal.
982 791 1052 831 IV.
1088 790 1224 844 suppl.
1259 789 1417 847 18361)
1452 791 1568 834 haud
1604 793 1687 834 exi-

277 880 363 920 gua
395 881 491 908 cum
524 866 781 918 adrogantia
815 881 860 909 se
892 879 1091 919 magnum
1125 866 1225 918 quid
1267 868 1534 920 praestitisse
1582 869 1687 910 arbi-

276 946 413 984 tratus
447 941 544 998 est.)
607 943 879 984 Novissimus
913 956 1014 984 vero
1058 943 1126 996 qui
1170 941 1250 983 hac
1293 943 1344 984 de
1383 957 1426 985 re
1468 944 1688 998 iudicavit,

277 1018 607 1074 Bernhardy
642 1016 702 1073 (in
725 1018 822 1061 hist.
848 1019 922 1060 litt.
950 1033 1012 1072 gr.
1040 1018 1094 1071 ΙΙ,
1119 1020 1156 1059 2.
1191 1017 1414 1072 434-38)
1441 1018 1493 1061 de
1515 1017 1688 1061 fabulae

275 1095 441 1137 ratione
475 1095 675 1137 scaenica
707 1095 758 1136 de
791 1095 1094 1149 compositione
1128 1095 1180 1136 de
1214 1096 1314 1137 stilo
1359 1095 1402 1136 in
1444 1096 1686 1137 universum

278 1171 331 1213 de
363 1176 456 1213 arte
487 1171 558 1212 ubi
592 1171 799 1224 loquitur,
844 1171 1027 1212 maxime
1061 1184 1155 1212 cum
1187 1171 1397 1214 Raumero
1429 1172 1689 1214 Hermanno·

277 1260 358 1301 que
391 1247 624 1299 consentit3
670 1246 725 1288 ad
758 1247 1138 1288 Alexandrinorum
1175 1252 1316 1288 autem
1359 1251 1552 1302 tempora
1593 1262 1686 1290 eam

277 1321 586 1364 detrudendam
619 1336 715 1364 esse
748 1322 838 1364 iure
870 1337 1035 1377 negans
1068 1324 1208 1376 potius
1242 1324 1281 1365 in
1317 1323 1456 1366 medio
1481 1328 1597 1365 stare
1620 1338 1689 1378 pu-

277 1402 339 1440 tat
369 1399 479 1440 inter
510 1398 710 1452 antiquae
747 1399 994 1453 tragoediae
1032 1404 1216 1441 aetatem
1246 1404 1285 1441 et
1309 1399 1687 1442 Alexandrinorum

276 1487 427 1518 aevum
458 1475 789 1529 opusculumque
823 1488 920 1517 esse
954 1474 1126 1529 tironis,
1160 1475 1356 1517 doctrina
1389 1479 1430 1517 et
1462 1475 1688 1529 diligentia

270 1551 429 1605 proprii
452 1551 612 1604 ingenii
631 1550 859 1603 iudiciique
889 1556 1126 1605 egestatem
1144 1552 1371 1593 obscurare
1391 1550 1613 1594 studentis,
1634 1575 1686 1580 —-

271 1627 363 1669 Nos
396 1641 513 1681 vero,
547 1626 645 1680 quid
678 1626 852 1668 tandem
886 1627 937 1667 de
969 1626 1093 1668 huius
1127 1626 1375 1681 tragoediae
1401 1632 1573 1669 auctore
1596 1640 1690 1681 pro-

272 1702 487 1745 feremus?
520 1726 574 1731 -
607 1703 793 1744 Primum
825 1702 994 1756 quidem
1026 1716 1208 1745 necesse
1241 1706 1321 1755 est,
1354 1703 1539 1746 breviter
1567 1717 1689 1746 enar-

270 1791 366 1820 rare
400 1779 471 1833 qui
501 1778 629 1821 fuerit
660 1779 849 1832 tragicae
883 1779 1026 1833 poesis
1060 1783 1156 1833 post
1182 1779 1325 1833 Eurip.
1360 1783 1511 1821 status.
1568 1778 1683 1834 (Qua

273 1855 325 1898 de
358 1869 404 1898 re
436 1855 622 1897 maxime
654 1855 946 1910 inspiciendus
969 1854 1220 1897 Welckerus
1238 1852 1269 1909 2)
1306 1858 1347 1896 et
1379 1856 1449 1908 qui
1470 1860 1568 1910 post
1591 1869 1684 1897 eum

271 1931 381 1974 hanc
412 1932 637 1974 materiam
660 1933 861 1973 tractavit
882 1932 945 1974 W.
972 1931 1017 1973 O.
1042 1931 1157 1985 Kay
1172 1945 1190 1972 s
1206 1943 1228 1971 e
1244 1944 1264 1972 r
1287 1931 1330 1973 in
1353 1930 1453 1973 hist.
1477 1932 1572 1973 crit.
1595 1936 1690 1986 trag

274 2006 554 2063 Graecorum)
589 2008 791 2050 Videmus
826 2012 963 2050 autem
998 2007 1142 2049 statim
1185 2012 1281 2061 post
1312 2006 1559 2061 Euripidem
1601 2022 1686 2050 om-

272 2098 349 2126 nes
381 2084 469 2136 fere
500 2089 652 2139 poetas
685 2097 779 2126 eum
814 2085 855 2125 in
889 2083 1036 2138 primis
1060 2083 1248 2124 imitatos
1273 2095 1383 2136 esse,
1419 2083 1683 2136 maximeque

271 2161 314 2202 in
347 2173 423 2215 ea,
462 2151 577 2214 quae
610 2160 807 2202 faciliora
838 2159 1090 2212 levioraque
1138 2163 1261 2200 erant
1307 2158 1492 2201 intentos
1540 2158 1687 2201 fuisse.

273 2236 397 2279 Unde
430 2240 658 2279 metrorum
690 2236 936 2279 volubilitas
970 2240 1012 2277 et
1035 2236 1207 2289 saepius
1229 2235 1416 2277 inanitas
1438 2235 1685 2277 necessario

273 2317 504 2355 consecuta
538 2317 615 2355 est.
676 2313 730 2354 Et
762 2311 814 2354 de
848 2325 1008 2365 magna
1041 2310 1211 2364 quidem
1243 2315 1465 2364 poetarum
1503 2311 1627 2352 turba
1660 2325 1686 2352 a

272 2403 376 2431 vera
408 2393 500 2432 arte
532 2388 658 2432 valde
690 2388 916 2432 recedente
948 2402 1045 2430 mox
1079 2386 1222 2442 populi
1256 2386 1452 2441 plausum
1485 2391 1684 2441 captante

273 2478 373 2507 mox
405 2465 533 2507 etiam
564 2464 738 2519 placere
771 2464 995 2507 desinente
1027 2463 1132 2505 nihil
1167 2462 1249 2504 nisi
1290 2462 1408 2505 leves
1446 2463 1682 2516 brevesque

275 2540 515 2584 sententiae
549 2540 802 2595 singulaque
837 2541 953 2583 dicta
987 2542 1224 2582 servantur.
1288 2537 1476 2588 Quorum
1506 2539 1549 2580 in
1582 2539 1687 2580 mul·

373 2721 400 2764 1)
424 2731 460 2765 p.
486 2721 616 2757 2—18.

372 2779 398 2823 ²)
423 2781 517 2825 trag.
543 2790 597 2825 gr.
621 2780 708 2814 tom.
735 2777 807 2813 111.
