<?xml version="1.0" encoding="UTF-8"?>
<!DOCTYPE html PUBLIC "-//W3C//DTD XHTML 1.0 Transitional//EN"
    "http://www.w3.org/TR/xhtml1/DTD/xhtml1-transitional.dtd">
<html xmlns="http://www.w3.org/1999/xhtml" xml:lang="en" lang="en">
 <head>
  <title>
</title>
<meta http-equiv="Content-Type" content="text/html;charset=utf-8" />
  <meta name='ocr-system' content='tesseract 3.04.00' />
  <meta name='ocr-capabilities' content='ocr_page ocr_carea ocr_par ocr_line ocrx_word'/>
</head>
<body>
  <div class='ocr_page' id='page_1' title='image "./derhesotragoedia00hageuoft_0034.png"; bbox 0 0 2238 3418; ppageno 0'>
   <div class='ocr_carea' id='block_1_1' title="bbox 1051 297 1339 338">
    <p class='ocr_par' dir='ltr' id='par_1_1' title="bbox 1051 297 1339 338">
     <span class='ocr_line' id='line_1_1' title="bbox 1051 297 1339 338; baseline 0.003 -12"><span class='ocrx_word' id='word_1_1' title='bbox 1051 297 1339 338; x_wconf 62' lang='lat'>-30-</span> 
     </span>
    </p>
   </div>
   <div class='ocr_carea' id='block_1_2' title="bbox 485 412 1897 1910">
    <p class='ocr_par' dir='ltr' id='par_1_2' title="bbox 485 412 1897 1910">
     <span class='ocr_line' id='line_1_2' title="bbox 605 412 1892 470; baseline 0.005 -17"><span class='ocrx_word' id='word_1_2' title='bbox 605 412 670 453; x_wconf 88' lang='lat' dir='ltr'>Ne</span> <span class='ocrx_word' id='word_1_3' title='bbox 719 425 816 454; x_wconf 80' lang='lat' dir='ltr'>vero</span> <span class='ocrx_word' id='word_1_4' title='bbox 863 412 1065 454; x_wconf 87' lang='lat' dir='ltr'>lectorum</span> <span class='ocrx_word' id='word_1_5' title='bbox 1108 413 1307 455; x_wconf 81' lang='lat' dir='ltr'>iudicium</span> <span class='ocrx_word' id='word_1_6' title='bbox 1349 415 1392 456; x_wconf 88' lang='lat' dir='ltr'>in</span> <span class='ocrx_word' id='word_1_7' title='bbox 1439 421 1608 458; x_wconf 86' lang='lat' dir='ltr'>nostras</span> <span class='ocrx_word' id='word_1_8' title='bbox 1656 422 1796 470; x_wconf 84' lang='lat' dir='ltr'>partes</span> <span class='ocrx_word' id='word_1_9' title='bbox 1835 424 1892 459; x_wconf 84' lang='lat' dir='ltr'>at-</span> 
     </span>
     <span class='ocr_line' id='line_1_3' title="bbox 487 487 1893 544; baseline 0.006 -16"><span class='ocrx_word' id='word_1_10' title='bbox 487 487 655 529; x_wconf 80' lang='lat' dir='ltr'><strong>trahere</strong></span> <span class='ocrx_word' id='word_1_11' title='bbox 687 487 810 529; x_wconf 81' lang='lat' dir='ltr'>nimis</span> <span class='ocrx_word' id='word_1_12' title='bbox 847 488 1015 529; x_wconf 86' lang='lat' dir='ltr'>studere</span> <span class='ocrx_word' id='word_1_13' title='bbox 1041 489 1276 542; x_wconf 78' lang='lat' dir='ltr'>videamur,</span> <span class='ocrx_word' id='word_1_14' title='bbox 1310 491 1447 544; x_wconf 88' lang='lat' dir='ltr'>ipsum</span> <span class='ocrx_word' id='word_1_15' title='bbox 1474 493 1781 535; x_wconf 76' lang='lat' dir='ltr'>enuntiatorum</span> <span class='ocrx_word' id='word_1_16' title='bbox 1815 507 1893 536; x_wconf 86' lang='lat' dir='ltr'>ca-</span> 
     </span>
     <span class='ocr_line' id='line_1_4' title="bbox 487 563 1894 620; baseline 0.006 -17"><span class='ocrx_word' id='word_1_17' title='bbox 487 563 716 617; x_wconf 81' lang='lat' dir='ltr'>talogum</span> <span class='ocrx_word' id='word_1_18' title='bbox 767 564 843 604; x_wconf 89' lang='lat' dir='ltr'>sub</span> <span class='ocrx_word' id='word_1_19' title='bbox 878 564 1127 618; x_wconf 77' lang='lat' dir='ltr'>adspectum</span> <span class='ocrx_word' id='word_1_20' title='bbox 1163 579 1384 620; x_wconf 79' lang='lat' dir='ltr'>ponamus.</span> <span class='ocrx_word' id='word_1_21' title='bbox 1449 568 1534 609; x_wconf 87' lang='lat' dir='ltr'>Sed</span> <span class='ocrx_word' id='word_1_22' title='bbox 1567 573 1692 610; x_wconf 84' lang='lat' dir='ltr'>antea</span> <span class='ocrx_word' id='word_1_23' title='bbox 1725 582 1894 611; x_wconf 86' lang='lat' dir='ltr'>monen-</span> 
     </span>
     <span class='ocr_line' id='line_1_5' title="bbox 489 637 1894 695; baseline 0.005 -16"><span class='ocrx_word' id='word_1_24' title='bbox 489 637 608 692; x_wconf 90' lang='lat' dir='ltr'>dum,</span> <span class='ocrx_word' id='word_1_25' title='bbox 650 638 852 680; x_wconf 85' lang='lat' dir='ltr'>nonnulla</span> <span class='ocrx_word' id='word_1_26' title='bbox 896 640 1101 682; x_wconf 84' lang='lat' dir='ltr'>eiusmodi</span> <span class='ocrx_word' id='word_1_27' title='bbox 1134 653 1251 695; x_wconf 93' lang='lat' dir='ltr'>esse,</span> <span class='ocrx_word' id='word_1_28' title='bbox 1290 647 1334 682; x_wconf 84' lang='lat' dir='ltr'>ut</span> <span class='ocrx_word' id='word_1_29' title='bbox 1366 643 1658 686; x_wconf 82' lang='lat' dir='ltr'>recordatione</span> <span class='ocrx_word' id='word_1_30' title='bbox 1690 645 1894 687; x_wconf 85' lang='lat' dir='ltr'>lectorum</span> 
     </span>
     <span class='ocr_line' id='line_1_6' title="bbox 491 714 1894 775; baseline 0.005 -20"><span class='ocrx_word' id='word_1_31' title='bbox 491 715 559 756; x_wconf 74' lang='lat' dir='ltr'>vcl</span> <span class='ocrx_word' id='word_1_32' title='bbox 593 715 831 757; x_wconf 86' lang='lat' dir='ltr'>auditorum</span> <span class='ocrx_word' id='word_1_33' title='bbox 862 714 1050 757; x_wconf 90' lang='lat' dir='ltr'>locorum</span> <span class='ocrx_word' id='word_1_34' title='bbox 1083 716 1232 758; x_wconf 90' lang='lat' dir='ltr'>ductus</span> <span class='ocrx_word' id='word_1_35' title='bbox 1265 717 1423 759; x_wconf 80' lang='lat' dir='ltr'>inscius</span> <span class='ocrx_word' id='word_1_36' title='bbox 1452 725 1579 773; x_wconf 84' lang='lat' dir='ltr'>poeta</span> <span class='ocrx_word' id='word_1_37' title='bbox 1609 734 1660 762; x_wconf 89' lang='lat' dir='ltr'>ea</span> <span class='ocrx_word' id='word_1_38' title='bbox 1692 721 1894 775; x_wconf 86' lang='lat' dir='ltr'>posuerit,</span> 
     </span>
     <span class='ocr_line' id='line_1_7' title="bbox 487 792 1895 847; baseline 0.005 -15"><span class='ocrx_word' id='word_1_39' title='bbox 487 792 619 832; x_wconf 86' lang='lat' dir='ltr'>multa</span> <span class='ocrx_word' id='word_1_40' title='bbox 653 796 807 843; x_wconf 74' lang='lat' dir='ltr'>autem,</span> <span class='ocrx_word' id='word_1_41' title='bbox 843 805 950 844; x_wconf 83' lang='lat' dir='ltr'>quae</span> <span class='ocrx_word' id='word_1_42' title='bbox 984 798 1176 846; x_wconf 87' lang='lat' dir='ltr'>apertum</span> <span class='ocrx_word' id='word_1_43' title='bbox 1207 793 1388 847; x_wconf 78' lang='lat' dir='ltr'>prodant</span> <span class='ocrx_word' id='word_1_44' title='bbox 1419 794 1688 838; x_wconf 83' lang='lat' dir='ltr'>imitatorem.</span> <span class='ocrx_word' id='word_1_45' title='bbox 1722 822 1777 826; x_wconf 92' lang='lat'>-—</span> <span class='ocrx_word' id='word_1_46' title='bbox 1809 798 1895 839; x_wconf 88' lang='lat' dir='ltr'>Ma-</span> 
     </span>
     <span class='ocr_line' id='line_1_8' title="bbox 487 868 1894 927; baseline 0.005 -19"><span class='ocrx_word' id='word_1_47' title='bbox 487 868 598 909; x_wconf 77' lang='lat' dir='ltr'>xime</span> <span class='ocrx_word' id='word_1_48' title='bbox 623 873 762 909; x_wconf 82' lang='lat' dir='ltr'>autem</span> <span class='ocrx_word' id='word_1_49' title='bbox 782 869 955 922; x_wconf 82' lang='lat' dir='ltr'>patebit,</span> <span class='ocrx_word' id='word_1_50' title='bbox 980 869 1139 923; x_wconf 86' lang='lat' dir='ltr'>pariter</span> <span class='ocrx_word' id='word_1_51' title='bbox 1163 882 1214 909; x_wconf 76' lang='lat' dir='ltr'>ex</span> <span class='ocrx_word' id='word_1_52' title='bbox 1238 870 1469 912; x_wconf 87' lang='lat' dir='ltr'>omnibus</span> <span class='ocrx_word' id='word_1_53' title='bbox 1493 872 1706 927; x_wconf 78' lang='lat' dir='ltr'>Euripidis</span> <span class='ocrx_word' id='word_1_54' title='bbox 1730 878 1894 927; x_wconf 81' lang='lat' dir='ltr'>tragoe-</span> 
     </span>
     <span class='ocr_line' id='line_1_9' title="bbox 488 942 1894 1002; baseline 0.005 -19"><span class='ocrx_word' id='word_1_55' title='bbox 488 942 568 983; x_wconf 87' lang='lat' dir='ltr'>diis</span> <span class='ocrx_word' id='word_1_56' title='bbox 627 957 721 984; x_wconf 85' lang='lat' dir='ltr'>eum</span> <span class='ocrx_word' id='word_1_57' title='bbox 776 943 988 1002; x_wconf 78' lang='lat' dir='ltr'>hausisse.</span> <span class='ocrx_word' id='word_1_58' title='bbox 1061 944 1109 985; x_wconf 89' lang='lat' dir='ltr'>Id</span> <span class='ocrx_word' id='word_1_59' title='bbox 1149 945 1259 998; x_wconf 92' lang='lat' dir='ltr'>quod</span> <span class='ocrx_word' id='word_1_60' title='bbox 1305 946 1546 1001; x_wconf 81' lang='lat' dir='ltr'>Gruppi01)</span> <span class='ocrx_word' id='word_1_61' title='bbox 1589 962 1641 990; x_wconf 90' lang='lat' dir='ltr'>nc</span> <span class='ocrx_word' id='word_1_62' title='bbox 1678 949 1894 990; x_wconf 86' lang='lat' dir='ltr'>minimam</span> 
     </span>
     <span class='ocr_line' id='line_1_10' title="bbox 487 1018 1893 1079; baseline 0.006 -20"><span class='ocrx_word' id='word_1_63' title='bbox 487 1018 655 1071; x_wconf 88' lang='lat' dir='ltr'>quidem</span> <span class='ocrx_word' id='word_1_64' title='bbox 688 1019 811 1060; x_wconf 85' lang='lat' dir='ltr'>affert</span> <span class='ocrx_word' id='word_1_65' title='bbox 844 1020 1101 1074; x_wconf 78' lang='lat' dir='ltr'>molestiam,</span> <span class='ocrx_word' id='word_1_66' title='bbox 1137 1021 1218 1073; x_wconf 81' lang='lat' dir='ltr'>qui,</span> <span class='ocrx_word' id='word_1_67' title='bbox 1252 1021 1363 1063; x_wconf 87' lang='lat' dir='ltr'>hanc</span> <span class='ocrx_word' id='word_1_68' title='bbox 1396 1022 1584 1064; x_wconf 88' lang='lat' dir='ltr'>fabulam</span> <span class='ocrx_word' id='word_1_69' title='bbox 1618 1024 1893 1079; x_wconf 79' lang='lat' dir='ltr'>Sophoclis</span> 
     </span>
     <span class='ocr_line' id='line_1_11' title="bbox 486 1095 1895 1154; baseline 0.006 -19"><span class='ocrx_word' id='word_1_70' title='bbox 486 1095 699 1148; x_wconf 87' lang='lat' dir='ltr'>primam</span> <span class='ocrx_word' id='word_1_71' title='bbox 741 1100 782 1136; x_wconf 83' lang='lat' dir='ltr'>et</span> <span class='ocrx_word' id='word_1_72' title='bbox 824 1096 1011 1150; x_wconf 86' lang='lat' dir='ltr'>praemio</span> <span class='ocrx_word' id='word_1_73' title='bbox 1061 1096 1231 1150; x_wconf 86' lang='lat' dir='ltr'>quidem</span> <span class='ocrx_word' id='word_1_74' title='bbox 1273 1104 1466 1140; x_wconf 83' lang='lat' dir='ltr'>ornatam</span> <span class='ocrx_word' id='word_1_75' title='bbox 1500 1113 1596 1142; x_wconf 89' lang='lat' dir='ltr'>esse</span> <span class='ocrx_word' id='word_1_76' title='bbox 1629 1105 1767 1154; x_wconf 89' lang='lat' dir='ltr'>ratus,</span> <span class='ocrx_word' id='word_1_77' title='bbox 1816 1101 1895 1143; x_wconf 86' lang='lat' dir='ltr'>hoc</span> 
     </span>
     <span class='ocr_line' id='line_1_12' title="bbox 486 1170 1895 1231; baseline 0.006 -20"><span class='ocrx_word' id='word_1_78' title='bbox 486 1170 624 1224; x_wconf 89' lang='lat' dir='ltr'>ipsum</span> <span class='ocrx_word' id='word_1_79' title='bbox 654 1172 849 1213; x_wconf 82' lang='lat' dir='ltr'>imitandi</span> <span class='ocrx_word' id='word_1_80' title='bbox 883 1186 932 1214; x_wconf 91' lang='lat' dir='ltr'>ac</span> <span class='ocrx_word' id='word_1_81' title='bbox 964 1174 1148 1226; x_wconf 87' lang='lat' dir='ltr'>undique</span> <span class='ocrx_word' id='word_1_82' title='bbox 1174 1173 1415 1227; x_wconf 78' lang='lat' dir='ltr'>conligendi</span> <span class='ocrx_word' id='word_1_83' title='bbox 1449 1175 1631 1217; x_wconf 85' lang='lat' dir='ltr'>studium</span> <span class='ocrx_word' id='word_1_84' title='bbox 1652 1177 1895 1231; x_wconf 84' lang='lat' dir='ltr'>Euripidem</span> 
     </span>
     <span class='ocr_line' id='line_1_13' title="bbox 487 1246 1893 1302; baseline 0.006 -16"><span class='ocrx_word' id='word_1_85' title='bbox 487 1246 673 1300; x_wconf 85' lang='lat' dir='ltr'>ineptum</span> <span class='ocrx_word' id='word_1_86' title='bbox 710 1252 751 1288; x_wconf 87' lang='lat' dir='ltr'>et</span> <span class='ocrx_word' id='word_1_87' title='bbox 782 1261 916 1302; x_wconf 83' lang='lat' dir='ltr'>paene</span> <span class='ocrx_word' id='word_1_88' title='bbox 951 1250 1146 1291; x_wconf 84' lang='lat' dir='ltr'>servilem</span> <span class='ocrx_word' id='word_1_89' title='bbox 1173 1251 1322 1292; x_wconf 76' lang='lat' dir='ltr'>testari</span> <span class='ocrx_word' id='word_1_90' title='bbox 1347 1249 1447 1291; x_wconf 85' lang='lat' dir='ltr'>dicit</span> <span class='ocrx_word' id='word_1_91' title='bbox 1469 1251 1646 1293; x_wconf 89' lang='lat' dir='ltr'>aliorum</span> <span class='ocrx_word' id='word_1_92' title='bbox 1669 1253 1893 1295; x_wconf 86' lang='lat' dir='ltr'>aemulum.</span> 
     </span>
     <span class='ocr_line' id='line_1_14' title="bbox 485 1322 1896 1381; baseline 0.006 -19"><span class='ocrx_word' id='word_1_93' title='bbox 485 1322 537 1362; x_wconf 87' lang='lat' dir='ltr'>Et</span> <span class='ocrx_word' id='word_1_94' title='bbox 557 1336 662 1375; x_wconf 87' lang='lat' dir='ltr'>quae</span> <span class='ocrx_word' id='word_1_95' title='bbox 692 1337 784 1364; x_wconf 83' lang='lat' dir='ltr'>cum</span> <span class='ocrx_word' id='word_1_96' title='bbox 811 1326 834 1364; x_wconf 84' lang='lat'><strong>7</strong></span> <span class='ocrx_word' id='word_1_97' title='bbox 866 1331 1049 1367; x_wconf 80' lang='lat' dir='ltr'>contra</span> <span class='ocrx_word' id='word_1_98' title='bbox 1074 1326 1277 1367; x_wconf 87' lang='lat' dir='ltr'>Thebas</span> <span class='ocrx_word' id='word_1_99' title='bbox 1303 1327 1530 1378; x_wconf 84' lang='lat' dir='ltr'>quamdam</span> <span class='ocrx_word' id='word_1_100' title='bbox 1556 1329 1763 1381; x_wconf 83' lang='lat' dir='ltr'>praebent</span> <span class='ocrx_word' id='word_1_101' title='bbox 1786 1329 1896 1370; x_wconf 90' lang='lat' dir='ltr'>simi-</span> 
     </span>
     <span class='ocr_line' id='line_1_15' title="bbox 485 1397 1896 1458; baseline 0.006 -20"><span class='ocrx_word' id='word_1_102' title='bbox 485 1397 732 1453; x_wconf 82' lang='lat' dir='ltr'>litudinem,</span> <span class='ocrx_word' id='word_1_103' title='bbox 785 1400 1024 1455; x_wconf 78' lang='lat' dir='ltr'>Gruppio2)</span> <span class='ocrx_word' id='word_1_104' title='bbox 1072 1416 1173 1456; x_wconf 92' lang='lat' dir='ltr'>prae</span> <span class='ocrx_word' id='word_1_105' title='bbox 1228 1401 1382 1443; x_wconf 83' lang='lat' dir='ltr'>ceteris</span> <span class='ocrx_word' id='word_1_106' title='bbox 1425 1407 1572 1444; x_wconf 82' lang='lat' dir='ltr'>notatu</span> <span class='ocrx_word' id='word_1_107' title='bbox 1616 1404 1743 1458; x_wconf 82' lang='lat' dir='ltr'>digna</span> <span class='ocrx_word' id='word_1_108' title='bbox 1781 1411 1896 1446; x_wconf 85' lang='lat' dir='ltr'>sunt:</span> 
     </span>
     <span class='ocr_line' id='line_1_16' title="bbox 486 1477 1896 1535; baseline 0.006 -21"><span class='ocrx_word' id='word_1_109' title='bbox 486 1487 637 1528; x_wconf 86' lang='lat' dir='ltr'>nempe</span> <span class='ocrx_word' id='word_1_110' title='bbox 671 1489 780 1528; x_wconf 81' lang='lat' dir='ltr'>quae</span> <span class='ocrx_word' id='word_1_111' title='bbox 813 1477 1004 1530; x_wconf 83' lang='lat' dir='ltr'>probent,</span> <span class='ocrx_word' id='word_1_112' title='bbox 1049 1483 1134 1520; x_wconf 88' lang='lat' dir='ltr'>tum</span> <span class='ocrx_word' id='word_1_113' title='bbox 1169 1478 1370 1533; x_wconf 86' lang='lat' dir='ltr'>temporis</span> <span class='ocrx_word' id='word_1_114' title='bbox 1405 1479 1656 1534; x_wconf 78' lang='lat' dir='ltr'>Sophoclem</span> <span class='ocrx_word' id='word_1_115' title='bbox 1688 1481 1896 1535; x_wconf 89' lang='lat' dir='ltr'>imprimis</span> 
     </span>
     <span class='ocr_line' id='line_1_17' title="bbox 485 1551 1897 1605; baseline 0.006 -14"><span class='ocrx_word' id='word_1_116' title='bbox 485 1551 687 1605; x_wconf 68' lang='lat' dir='ltr'>Aeschyli</span> <span class='ocrx_word' id='word_1_117' title='bbox 721 1552 859 1594; x_wconf 82' lang='lat' dir='ltr'>studio</span> <span class='ocrx_word' id='word_1_118' title='bbox 903 1559 943 1595; x_wconf 80' lang='lat' dir='ltr'>et</span> <span class='ocrx_word' id='word_1_119' title='bbox 981 1555 1223 1597; x_wconf 85' lang='lat' dir='ltr'>auctoritati</span> <span class='ocrx_word' id='word_1_120' title='bbox 1267 1555 1454 1596; x_wconf 77' lang='lat' dir='ltr'>deditum</span> <span class='ocrx_word' id='word_1_121' title='bbox 1498 1555 1650 1598; x_wconf 86' lang='lat' dir='ltr'>fuisse.</span> <span class='ocrx_word' id='word_1_122' title='bbox 1682 1581 1739 1585; x_wconf 92' lang='lat'>—</span> <span class='ocrx_word' id='word_1_123' title='bbox 1771 1559 1897 1600; x_wconf 87' lang='lat' dir='ltr'>Talia</span> 
     </span>
     <span class='ocr_line' id='line_1_18' title="bbox 485 1628 1895 1686; baseline 0.005 -18"><span class='ocrx_word' id='word_1_124' title='bbox 485 1640 585 1669; x_wconf 69' lang='lat' dir='ltr'>vero</span> <span class='ocrx_word' id='word_1_125' title='bbox 618 1628 744 1670; x_wconf 73' lang='lat' dir='ltr'>valde</span> <span class='ocrx_word' id='word_1_126' title='bbox 778 1629 1018 1671; x_wconf 83' lang='lat' dir='ltr'>claudicare</span> <span class='ocrx_word' id='word_1_127' title='bbox 1052 1631 1248 1684; x_wconf 83' lang='lat' dir='ltr'>omnique</span> <span class='ocrx_word' id='word_1_128' title='bbox 1282 1631 1532 1674; x_wconf 80' lang='lat' dir='ltr'>documento</span> <span class='ocrx_word' id='word_1_129' title='bbox 1560 1646 1732 1686; x_wconf 82' lang='lat' dir='ltr'>prorsus</span> <span class='ocrx_word' id='word_1_130' title='bbox 1767 1633 1895 1675; x_wconf 86' lang='lat' dir='ltr'>desti-</span> 
     </span>
     <span class='ocr_line' id='line_1_19' title="bbox 486 1706 1895 1761; baseline 0.005 -17"><span class='ocrx_word' id='word_1_131' title='bbox 486 1708 573 1745; x_wconf 82' lang='lat' dir='ltr'>tuta</span> <span class='ocrx_word' id='word_1_132' title='bbox 607 1717 703 1745; x_wconf 88' lang='lat' dir='ltr'>esse</span> <span class='ocrx_word' id='word_1_133' title='bbox 737 1706 934 1759; x_wconf 76' lang='lat' dir='ltr'>maxime,</span> <span class='ocrx_word' id='word_1_134' title='bbox 969 1720 1105 1760; x_wconf 84' lang='lat' dir='ltr'>spero,</span> <span class='ocrx_word' id='word_1_135' title='bbox 1140 1707 1382 1761; x_wconf 82' lang='lat' dir='ltr'>apparebit,</span> <span class='ocrx_word' id='word_1_136' title='bbox 1427 1708 1462 1749; x_wconf 79' lang='lat' dir='ltr'>si</span> <span class='ocrx_word' id='word_1_137' title='bbox 1496 1708 1678 1750; x_wconf 87' lang='lat' dir='ltr'>indicem</span> <span class='ocrx_word' id='word_1_138' title='bbox 1712 1709 1895 1751; x_wconf 84' lang='lat' dir='ltr'>subicia-</span> 
     </span>
     <span class='ocr_line' id='line_1_20' title="bbox 485 1781 1896 1839; baseline 0.005 -19"><span class='ocrx_word' id='word_1_139' title='bbox 485 1793 578 1821; x_wconf 87' lang='lat' dir='ltr'>mus</span> <span class='ocrx_word' id='word_1_140' title='bbox 614 1794 756 1822; x_wconf 88' lang='lat' dir='ltr'>eorum</span> <span class='ocrx_word' id='word_1_141' title='bbox 788 1781 918 1823; x_wconf 87' lang='lat' dir='ltr'>Rhesi</span> <span class='ocrx_word' id='word_1_142' title='bbox 951 1784 1275 1837; x_wconf 85' lang='lat' dir='ltr'>enuntiatorum,</span> <span class='ocrx_word' id='word_1_143' title='bbox 1309 1796 1417 1836; x_wconf 88' lang='lat' dir='ltr'>quae</span> <span class='ocrx_word' id='word_1_144' title='bbox 1451 1784 1564 1838; x_wconf 91' lang='lat' dir='ltr'>apud</span> <span class='ocrx_word' id='word_1_145' title='bbox 1599 1785 1896 1839; x_wconf 83' lang='lat' dir='ltr'>Sophoclem</span> 
     </span>
     <span class='ocr_line' id='line_1_21' title="bbox 485 1862 1063 1910; baseline 0.007 -14"><span class='ocrx_word' id='word_1_146' title='bbox 485 1869 661 1910; x_wconf 80' lang='lat' dir='ltr'>prorsus</span> <span class='ocrx_word' id='word_1_147' title='bbox 695 1870 793 1899; x_wconf 89' lang='lat' dir='ltr'>non</span> <span class='ocrx_word' id='word_1_148' title='bbox 829 1862 1063 1900; x_wconf 83' lang='lat' dir='ltr'>exstant:</span> 
     </span>
    </p>
   </div>
   <div class='ocr_carea' id='block_1_3' title="bbox 486 1930 1760 2752">
    <p class='ocr_par' dir='ltr' id='par_1_3' title="bbox 486 1930 1528 1990">
     <span class='ocr_line' id='line_1_22' title="bbox 486 1930 1528 1990; baseline 0.004 -18"><span class='ocrx_word' id='word_1_149' title='bbox 486 1946 549 1972; x_wconf 71' lang='lat' dir='ltr'>vs.</span> <span class='ocrx_word' id='word_1_150' title='bbox 634 1934 671 1973; x_wconf 72' lang='lat'>2.</span> <span class='ocrx_word' id='word_1_151' title='bbox 703 1930 971 1982; x_wconf 68' lang='lat' dir='ltr'>·37:0t&lt;.77:¹.0‘-.†&#39;;.</span> <span class='ocrx_word' id='word_1_152' title='bbox 1197 1950 1262 1976; x_wconf 73' lang='lat' dir='ltr'>vs.</span> <span class='ocrx_word' id='word_1_153' title='bbox 1313 1936 1377 1975; x_wconf 76' lang='lat'>64.</span> <span class='ocrx_word' id='word_1_154' title='bbox 1412 1933 1528 1990; x_wconf 67' lang='grc' dir='ltr'><strong>ᾆύμη.</strong></span> 
     </span>
    </p>

    <p class='ocr_par' dir='ltr' id='par_1_4' title="bbox 604 2007 1760 2752">
     <span class='ocr_line' id='line_1_23' title="bbox 635 2007 1621 2063; baseline 0.002 -13"><span class='ocrx_word' id='word_1_155' title='bbox 635 2011 671 2050; x_wconf 81' lang='grc'>8.</span> <span class='ocrx_word' id='word_1_156' title='bbox 703 2007 895 2063; x_wconf 68' lang='grc' dir='ltr'>χαμεύνῃ.</span> <span class='ocrx_word' id='word_1_157' title='bbox 1311 2013 1376 2053; x_wconf 82' lang='lat'>68.</span> <span class='ocrx_word' id='word_1_158' title='bbox 1408 2010 1621 2060; x_wconf 55' lang='grc' dir='ltr'>ῗῖυοσκόες.</span> 
     </span>
     <span class='ocr_line' id='line_1_24' title="bbox 605 2084 1619 2142; baseline 0.004 -17"><span class='ocrx_word' id='word_1_159' title='bbox 605 2086 671 2125; x_wconf 76' lang='lat'>22.</span> <span class='ocrx_word' id='word_1_160' title='bbox 704 2084 915 2135; x_wconf 73' lang='grc' dir='ltr'>πανόπλος.</span> <span class='ocrx_word' id='word_1_161' title='bbox 1311 2089 1376 2129; x_wconf 83' lang='grc'>69.</span> <span class='ocrx_word' id='word_1_162' title='bbox 1408 2089 1619 2142; x_wconf 70' lang='grc' dir='ltr'>δραπέτης.</span> 
     </span>
     <span class='ocr_line' id='line_1_25' title="bbox 606 2158 1605 2218; baseline 0.003 -17"><span class='ocrx_word' id='word_1_163' title='bbox 606 2163 672 2201; x_wconf 78' lang='lat'>29.</span> <span class='ocrx_word' id='word_1_164' title='bbox 704 2158 813 2215; x_wconf 71' lang='grc' dir='ltr'><strong>ἀγές.</strong></span> <span class='ocrx_word' id='word_1_165' title='bbox 1313 2165 1378 2204; x_wconf 76' lang='grc'>75.</span> <span class='ocrx_word' id='word_1_166' title='bbox 1410 2168 1605 2218; x_wconf 66' lang='grc' dir='ltr'>γαπονεῖν.</span> 
     </span>
     <span class='ocr_line' id='line_1_26' title="bbox 605 2235 1671 2294; baseline 0.003 -17"><span class='ocrx_word' id='word_1_167' title='bbox 605 2239 671 2277; x_wconf 86' lang='lat'>31.</span> <span class='ocrx_word' id='word_1_168' title='bbox 703 2235 863 2292; x_wconf 66' lang='grc' dir='ltr'>γυμνῆς.</span> <span class='ocrx_word' id='word_1_169' title='bbox 897 2236 1106 2292; x_wconf 69' lang='grc' dir='ltr'>μόναρχος.</span> <span class='ocrx_word' id='word_1_170' title='bbox 1312 2241 1377 2279; x_wconf 80' lang='grc'>89.</span> <span class='ocrx_word' id='word_1_171' title='bbox 1410 2240 1671 2294; x_wconf 53' lang='grc' dir='ltr'>νυκτηῃέρέω.</span> 
     </span>
     <span class='ocr_line' id='line_1_27' title="bbox 605 2312 1600 2368; baseline 0.003 -14"><span class='ocrx_word' id='word_1_172' title='bbox 605 2315 671 2354; x_wconf 84' lang='grc'>33.</span> <span class='ocrx_word' id='word_1_173' title='bbox 705 2312 921 2368; x_wconf 69' lang='grc' dir='ltr'>κερέὸετος.</span> <span class='ocrx_word' id='word_1_174' title='bbox 1314 2317 1378 2356; x_wconf 74' lang='lat'>90.</span> <span class='ocrx_word' id='word_1_175' title='bbox 1413 2314 1600 2364; x_wconf 51' lang='lat' dir='ltr'>:wazo-³.</span> 
     </span>
     <span class='ocr_line' id='line_1_28' title="bbox 604 2387 1577 2448; baseline 0.003 -19"><span class='ocrx_word' id='word_1_176' title='bbox 604 2391 670 2430; x_wconf 76' lang='lat'>40.</span> <span class='ocrx_word' id='word_1_177' title='bbox 703 2387 865 2444; x_wconf 75' lang='grc' dir='ltr'>τρανῶς.</span> <span class='ocrx_word' id='word_1_178' title='bbox 1287 2393 1379 2431; x_wconf 85' lang='grc'><strong>116.</strong></span> <span class='ocrx_word' id='word_1_179' title='bbox 1414 2390 1577 2448; x_wconf 50' lang='lat' dir='ltr'>cadmo.</span> 
     </span>
     <span class='ocr_line' id='line_1_29' title="bbox 605 2462 1577 2522; baseline 0.002 -16"><span class='ocrx_word' id='word_1_180' title='bbox 605 2468 673 2506; x_wconf 77' lang='lat'>42.</span> <span class='ocrx_word' id='word_1_181' title='bbox 705 2462 839 2520; x_wconf 68' lang='grc' dir='ltr'>ὄρφνη.</span> <span class='ocrx_word' id='word_1_182' title='bbox 1285 2469 1378 2509; x_wconf 76' lang='grc'><strong>122.</strong></span> <span class='ocrx_word' id='word_1_183' title='bbox 1411 2466 1577 2522; x_wconf 70' lang='grc' dir='ltr'>πυργόω.</span> 
     </span>
     <span class='ocr_line' id='line_1_30' title="bbox 605 2541 1639 2597; baseline 0.003 -15"><span class='ocrx_word' id='word_1_184' title='bbox 605 2544 672 2583; x_wconf 81' lang='grc'>48.</span> <span class='ocrx_word' id='word_1_185' title='bbox 704 2541 949 2597; x_wconf 69' lang='grc' dir='ltr'>ναυσίπορος.</span> <span class='ocrx_word' id='word_1_186' title='bbox 1289 2545 1381 2585; x_wconf 76' lang='lat'>134.</span> <span class='ocrx_word' id='word_1_187' title='bbox 1414 2542 1639 2592; x_wconf 71' lang='grc' dir='ltr'><strong>κατόπτας.</strong></span> 
     </span>
     <span class='ocr_line' id='line_1_31' title="bbox 606 2617 1657 2674; baseline 0.003 -15"><span class='ocrx_word' id='word_1_188' title='bbox 606 2620 672 2660; x_wconf 75' lang='grc'>57.</span> <span class='ocrx_word' id='word_1_189' title='bbox 705 2617 835 2673; x_wconf 51' lang='lat' dir='ltr'>inim.</span> <span class='ocrx_word' id='word_1_190' title='bbox 1286 2621 1378 2659; x_wconf 72' lang='lat'>144.</span> <span class='ocrx_word' id='word_1_191' title='bbox 1411 2621 1657 2674; x_wconf 72' lang='grc' dir='ltr'><strong>καραὸεκέω.</strong></span> 
     </span>
     <span class='ocr_line' id='line_1_32' title="bbox 608 2693 1760 2752; baseline 0.002 -16"><span class='ocrx_word' id='word_1_192' title='bbox 608 2696 674 2736; x_wconf 79' lang='grc'>62.</span> <span class='ocrx_word' id='word_1_193' title='bbox 705 2693 933 2750; x_wconf 69' lang='grc' dir='ltr'>πολύφωνος.</span> <span class='ocrx_word' id='word_1_194' title='bbox 1286 2697 1379 2735; x_wconf 76' lang='lat'>154.</span> <span class='ocrx_word' id='word_1_195' title='bbox 1413 2695 1587 2738; x_wconf 62' lang='grc' dir='ltr'>κί’)ὃυνεν</span> <span class='ocrx_word' id='word_1_196' title='bbox 1620 2696 1760 2752; x_wconf 68' lang='grc' dir='ltr'>ρ’ίπτω.</span> 
     </span>
    </p>
   </div>
   <div class='ocr_carea' id='block_1_4' title="bbox 494 2776 740 2781">
    <p class='ocr_par' dir='ltr' id='par_1_5' title="bbox 494 2776 740 2781">
     <span class='ocr_line' id='line_1_33' title="bbox 494 2776 740 2781; baseline 0 0"><span class='ocrx_word' id='word_1_197' title='bbox 494 2776 740 2781; x_wconf 95' lang='lat' dir='ltr'> </span> 
     </span>
    </p>
   </div>
   <div class='ocr_carea' id='block_1_5' title="bbox 584 2810 1346 2856">
    <p class='ocr_par' dir='ltr' id='par_1_6' title="bbox 584 2810 1346 2856">
     <span class='ocr_line' id='line_1_34' title="bbox 584 2810 1346 2856; baseline 0.003 -11"><span class='ocrx_word' id='word_1_198' title='bbox 584 2812 610 2855; x_wconf 90' lang='lat'>¹)</span> <span class='ocrx_word' id='word_1_199' title='bbox 635 2810 802 2846; x_wconf 84' lang='lat' dir='ltr'>Ariadne</span> <span class='ocrx_word' id='word_1_200' title='bbox 827 2812 895 2847; x_wconf 80' lang='lat'>327</span> <span class='ocrx_word' id='word_1_201' title='bbox 923 2821 979 2856; x_wconf 86' lang='lat' dir='ltr'>sq.</span> <span class='ocrx_word' id='word_1_202' title='bbox 1079 2811 1105 2855; x_wconf 86' lang='grc'>2)</span> <span class='ocrx_word' id='word_1_203' title='bbox 1131 2822 1166 2856; x_wconf 89' lang='lat' dir='ltr'>p.</span> <span class='ocrx_word' id='word_1_204' title='bbox 1193 2813 1260 2847; x_wconf 79' lang='lat'>332</span> <span class='ocrx_word' id='word_1_205' title='bbox 1287 2822 1346 2856; x_wconf 83' lang='lat' dir='ltr'>sq.</span> 
     </span>
    </p>
   </div>
  </div>
 </body>
</html>
