2238 3418
741 326 1029 366 -19-

178 446 213 487 si
244 449 420 487 noctem
450 442 668 499 transigat
700 443 946 484 terribilem
979 441 1163 483 Graecis
1209 442 1430 483 futurum.
1492 438 1579 480 Im-

177 522 326 578 primis
359 524 524 573 autem⁷
557 524 605 574 ut
624 519 763 560 Rhesi
797 532 937 575 equos
960 522 1169 560 avertant
1191 517 1364 558 suadet.
1412 516 1584 557 Eadem

179 603 342 651 autem,
370 595 652 648 Alexandro,
686 595 886 637 auditum
918 595 1113 636 hostium
1137 593 1379 636 adventum
1397 591 1585 633 Hectori

176 674 452 726 indicaturo,
490 671 649 714 Venus
682 671 796 724 visa,
837 671 953 712 fallit
983 671 1106 713 hunc
1146 670 1350 725 duosque
1385 668 1584 711 Graecos

179 751 234 793 ad
266 764 404 792 naves
432 749 578 791 redire
605 749 744 790 iubet.
793 748 880 790 Sed
911 748 1131 790 tardiores
1152 748 1198 789 in
1217 746 1407 789 militum
1429 745 1583 787 Troia-

177 842 337 869 norum
368 840 528 868 manus
570 825 775 867 incidunt
819 826 894 880 qui
942 825 1093 866 audito
1142 824 1337 866 hostium
1386 822 1586 865 adventu

180 905 328 946 statim
359 903 529 945 reversi
562 906 702 944 erant.
768 902 917 943 Ulixis
950 915 1058 944 vero
1103 900 1350 942 calliditate
1383 899 1586 941 Rhesum

180 980 431 1022 simulantis
485 979 679 1034 decepti,
722 982 894 1020 tessera
938 977 1092 1019 audita
1134 977 1288 1018 hostes
1329 976 1585 1018 demittunt.

180 1057 301 1105 Quos
335 1070 436 1098 cum
467 1055 652 1098 videant
685 1055 742 1097 ad
776 1069 913 1108 naves
948 1055 1123 1111 fugere,
1156 1067 1212 1095 ne
1239 1053 1393 1094 hostes
1418 1052 1588 1093 fuerint

179 1133 323 1187 veriti,
357 1132 609 1174 deliberant
642 1132 739 1189 quis
765 1131 1043 1173 Graecorum
1076 1144 1122 1172 se
1156 1129 1381 1186 effugerit,
1405 1128 1587 1170 Ulixem

180 1210 319 1252 fuisse
353 1209 586 1263 suspicati⁷
628 1208 758 1250 simul
790 1222 899 1250 vero
934 1208 988 1249 de
1020 1207 1233 1249 Hectoris
1265 1206 1331 1247 ira
1377 1209 1419 1246 et
1454 1219 1585 1260 supp-

179 1286 282 1328 licio
332 1285 524 1327 solliciti.
588 1285 706 1326 Ecce
753 1285 951 1341 graviter
997 1268 1264 1324 vulneratus
1313 1281 1586 1336 conspicitur

180 1362 320 1404 Rhesi
353 1361 523 1416 auriga,
555 1362 696 1402 multa
730 1361 785 1403 de
816 1361 1063 1403 infortunio
1088 1360 1233 1415 deque
1262 1359 1427 1400 domini
1450 1357 1588 1399 caede

180 1440 468 1490 lamentatus,
502 1438 645 1479 socios
680 1438 831 1479 caedis
866 1442 1073 1479 auctores
1108 1450 1206 1478 esse
1239 1435 1498 1491 perhibens.
1533 1458 1586 1463 —-

182 1515 330 1557 Choro
362 1515 480 1556 hanc
513 1514 813 1569 suspicionem
852 1526 1060 1556 amovere
1101 1512 1283 1554 conanti
1330 1510 1589 1567 supervenit

180 1592 353 1634 Hector
386 1591 538 1633 audita
571 1591 840 1644 calamitate,
874 1589 1159 1647 gravissimas
1191 1602 1359 1645 poenas
1380 1587 1590 1628 minitans

181 1669 397 1710 militibus
430 1672 611 1723 propter
637 1667 980 1724 neglegentiam.
1000 1690 1053 1695 —-
1082 1665 1272 1707 Jamiam
1296 1664 1589 1719 impudentis-

185 1745 320 1786 simus
355 1743 511 1799 auriga
540 1744 685 1799 ipsum
718 1744 963 1786 Hectorem
997 1741 1206 1783 facinoris
1238 1745 1468 1783 auctorem
1499 1744 1590 1781 tur-

182 1821 299 1876 piter
324 1821 501 1861 incusat
521 1821 682 1876 quippe
712 1821 788 1876 qui
814 1818 994 1861 sordida
1027 1832 1246 1874 equorum
1271 1816 1478 1872 cupidine
1502 1830 1592 1857 mo-

182 1901 253 1939 tus
293 1896 514 1952 hospitem
547 1896 900 1938 obtruncaverit.
936 1920 988 1925 -—
1023 1894 1096 1936 Ad
1130 1908 1245 1951 quae
1285 1894 1363 1935 vix
1394 1893 1592 1934 toleran-

185 1974 241 2016 da
275 1973 483 2016 convicia
514 1973 676 2015 leniter
707 1971 951 2029 respondet
969 1971 1265 2013 Troianorum
1285 1970 1392 2023 dux,
1427 1969 1482 2011 de
1501 1969 1590 2011 Do-

183 2051 303 2103 lone,
337 2064 469 2105 quem
499 2051 680 2092 miserat
713 2050 1046 2105 exploratorem
1080 2047 1212 2090 valde
1247 2047 1481 2100 sollicitus,
1514 2059 1589 2087 ne-

187 2141 273 2183 que
312 2141 411 2168 cum
452 2127 607 2182 auriga
648 2127 694 2168 in
738 2127 944 2181 opinione
982 2129 1186 2180 perstare
1224 2123 1430 2176 videtur,
1472 2122 1594 2164 aliud

185 2203 323 2244 habet
338 2216 469 2258 quam
483 2203 666 2258 frigida:
690 2208 765 2255 „tu
781 2203 892 2243 haec
912 2202 1129 2243 arbitrare
1149 2200 1277 2242 sitibi
1292 2200 1355 2241 ita
1372 2199 1591 2241 videtur.“

304 2279 418 2321 Tum
448 2279 514 2319 illi
547 2280 706 2321 saltem
737 2280 782 2320 in
820 2278 964 2335 patria
1004 2282 1123 2319 terra
1164 2276 1275 2317 mori
1319 2275 1593 2317 desideranti

185 2355 374 2397 ridicula
393 2356 655 2410 respondet:
679 2370 761 2409 „ne
779 2355 998 2408 moriaris,
1024 2354 1128 2395 satis
1153 2357 1431 2394 mortuorum
1453 2352 1592 2393 habe-

185 2434 324 2473 mus.“
360 2430 488 2473 Idem
505 2436 654 2474 tamen
672 2432 845 2475 Hector
878 2445 1074 2489 quonam
1098 2444 1145 2472 se
1169 2433 1314 2472 vertat
1338 2429 1433 2471 sine
1458 2428 1593 2469 domi-

187 2522 244 2549 no
283 2508 417 2549 auxie
457 2508 761 2551 consideranti
798 2509 995 2563 benigne
1036 2507 1215 2547 domum
1257 2506 1401 2558 offert,
1440 2509 1489 2546 ut
1531 2504 1595 2545 ibi

187 2588 386 2626 curetur.
419 2582 505 2626 Ille
523 2598 630 2627 vero
648 2586 858 2627 manibus
878 2582 1111 2625 homicidis
1138 2582 1282 2623 levari
1310 2581 1429 2624 velle
1458 2581 1593 2635 plane

189 2664 338 2716 negat.
381 2685 433 2690 —
481 2659 634 2702 Nihilo
673 2662 819 2703 minus
867 2665 1016 2702 tamen
1049 2659 1222 2700 Hector
1276 2672 1378 2700 eum
1430 2656 1597 2698 abduci

191 2736 578 2793 Troianorumque
619 2742 825 2780 senatum
864 2741 1063 2779 mortuos
1105 2748 1372 2792 componere
1410 2734 1551 2775 iubet.

1331 2822 1385 2858 2³3
