<?xml version="1.0" encoding="UTF-8"?>
<!DOCTYPE html PUBLIC "-//W3C//DTD XHTML 1.0 Transitional//EN"
    "http://www.w3.org/TR/xhtml1/DTD/xhtml1-transitional.dtd">
<html xmlns="http://www.w3.org/1999/xhtml" xml:lang="en" lang="en">
 <head>
  <title>
</title>
<meta http-equiv="Content-Type" content="text/html;charset=utf-8" />
  <meta name='ocr-system' content='tesseract 3.04.00' />
  <meta name='ocr-capabilities' content='ocr_page ocr_carea ocr_par ocr_line ocrx_word'/>
</head>
<body>
  <div class='ocr_page' id='page_1' title='image "./derhesotragoedia00hageuoft_0067.png"; bbox 0 0 2238 3418; ppageno 0'>
   <div class='ocr_carea' id='block_1_1' title="bbox 240 400 1696 2440">
    <p class='ocr_par' dir='ltr' id='par_1_1' title="bbox 240 400 1692 1450">
     <span class='ocr_line' id='line_1_1' title="bbox 277 400 1687 461; baseline -0.006 -11"><span class='ocrx_word' id='word_1_1' title='bbox 277 421 358 461; x_wconf 89' lang='lat' dir='ltr'>que</span> <span class='ocrx_word' id='word_1_2' title='bbox 390 407 433 449; x_wconf 91' lang='lat' dir='ltr'>id</span> <span class='ocrx_word' id='word_1_3' title='bbox 465 411 583 449; x_wconf 89' lang='lat' dir='ltr'>certo</span> <span class='ocrx_word' id='word_1_4' title='bbox 617 410 796 461; x_wconf 87' lang='lat' dir='ltr'>apparet</span> <span class='ocrx_word' id='word_1_5' title='bbox 827 405 997 447; x_wconf 89' lang='lat' dir='ltr'>fabulae</span> <span class='ocrx_word' id='word_1_6' title='bbox 1031 404 1278 458; x_wconf 77' lang='lat' dir='ltr'>scriptorem</span> <span class='ocrx_word' id='word_1_7' title='bbox 1299 416 1393 445; x_wconf 88' lang='lat' dir='ltr'>non</span> <span class='ocrx_word' id='word_1_8' title='bbox 1419 415 1577 444; x_wconf 91' lang='lat' dir='ltr'>unum</span> <span class='ocrx_word' id='word_1_9' title='bbox 1601 400 1687 455; x_wconf 88' lang='lat' dir='ltr'>dig-</span> 
     </span>
     <span class='ocr_line' id='line_1_2' title="bbox 277 478 1690 535; baseline -0.004 -10"><span class='ocrx_word' id='word_1_10' title='bbox 277 497 377 525; x_wconf 91' lang='lat' dir='ltr'>num</span> <span class='ocrx_word' id='word_1_11' title='bbox 411 482 632 535; x_wconf 80' lang='lat' dir='ltr'><strong>habuisse,</strong></span> <span class='ocrx_word' id='word_1_12' title='bbox 666 481 722 523; x_wconf 90' lang='lat' dir='ltr'>ad</span> <span class='ocrx_word' id='word_1_13' title='bbox 747 481 864 524; x_wconf 92' lang='lat' dir='ltr'>cuius</span> <span class='ocrx_word' id='word_1_14' title='bbox 888 480 1124 535; x_wconf 82' lang='lat' dir='ltr'>exemplum</span> <span class='ocrx_word' id='word_1_15' title='bbox 1146 480 1274 534; x_wconf 88' lang='lat' dir='ltr'>plane</span> <span class='ocrx_word' id='word_1_16' title='bbox 1297 478 1543 532; x_wconf 82' lang='lat' dir='ltr'>tragoediae</span> <span class='ocrx_word' id='word_1_17' title='bbox 1571 491 1690 520; x_wconf 88' lang='lat' dir='ltr'>oeco-</span> 
     </span>
     <span class='ocr_line' id='line_1_3' title="bbox 276 546 1686 613; baseline -0.004 -13"><span class='ocrx_word' id='word_1_18' title='bbox 276 559 461 601; x_wconf 86' lang='lat' dir='ltr'>nomiam</span> <span class='ocrx_word' id='word_1_19' title='bbox 493 546 847 613; x_wconf 66' lang='lat' dir='ltr'>compositionem</span> <span class='ocrx_word' id='word_1_20' title='bbox 880 556 1107 599; x_wconf 86' lang='lat' dir='ltr'>dictionem</span> <span class='ocrx_word' id='word_1_21' title='bbox 1130 555 1369 597; x_wconf 84' lang='lat' dir='ltr'>elaboraret</span> <span class='ocrx_word' id='word_1_22' title='bbox 1390 553 1686 606; x_wconf 73' lang='lat' dir='ltr'>formaretque,</span> 
     </span>
     <span class='ocr_line' id='line_1_4' title="bbox 278 629 1689 687; baseline -0.005 -10"><span class='ocrx_word' id='word_1_23' title='bbox 278 635 346 677; x_wconf 87' lang='lat' dir='ltr'>cui</span> <span class='ocrx_word' id='word_1_24' title='bbox 379 639 512 677; x_wconf 88' lang='lat' dir='ltr'>totum</span> <span class='ocrx_word' id='word_1_25' title='bbox 543 646 590 675; x_wconf 90' lang='lat' dir='ltr'>se</span> <span class='ocrx_word' id='word_1_26' title='bbox 624 633 818 687; x_wconf 79' lang='lat' dir='ltr'>dederet,</span> <span class='ocrx_word' id='word_1_27' title='bbox 854 631 932 674; x_wconf 88' lang='lat' dir='ltr'>sed</span> <span class='ocrx_word' id='word_1_28' title='bbox 965 645 1133 674; x_wconf 83' lang='lat' dir='ltr'>novus</span> <span class='ocrx_word' id='word_1_29' title='bbox 1167 631 1210 673; x_wconf 92' lang='lat' dir='ltr'>in</span> <span class='ocrx_word' id='word_1_30' title='bbox 1242 629 1324 672; x_wconf 89' lang='lat' dir='ltr'>hac</span> <span class='ocrx_word' id='word_1_31' title='bbox 1358 643 1403 672; x_wconf 91' lang='lat' dir='ltr'>re</span> <span class='ocrx_word' id='word_1_32' title='bbox 1437 634 1495 684; x_wconf 87' lang='lat' dir='ltr'>et,</span> <span class='ocrx_word' id='word_1_33' title='bbox 1528 634 1574 671; x_wconf 90' lang='lat' dir='ltr'>ut</span> <span class='ocrx_word' id='word_1_34' title='bbox 1605 630 1689 670; x_wconf 87' lang='lat' dir='ltr'>iam</span> 
     </span>
     <span class='ocr_line' id='line_1_5' title="bbox 240 707 1688 763; baseline -0.006 -9"><span class='ocrx_word' id='word_1_35' title='bbox 240 733 243 735; x_wconf 57' lang='lat'>&gt;</span> <span class='ocrx_word' id='word_1_36' title='bbox 278 710 556 763; x_wconf 83' lang='lat' dir='ltr'>ostendimus,</span> <span class='ocrx_word' id='word_1_37' title='bbox 591 710 727 763; x_wconf 84' lang='lat' dir='ltr'>magis</span> <span class='ocrx_word' id='word_1_38' title='bbox 746 709 963 752; x_wconf 88' lang='lat' dir='ltr'>doctrinae</span> <span class='ocrx_word' id='word_1_39' title='bbox 983 707 1315 760; x_wconf 81' lang='lat' dir='ltr'>eruditionisque</span> <span class='ocrx_word' id='word_1_40' title='bbox 1335 710 1544 761; x_wconf 86' lang='lat' dir='ltr'>apparatu</span> <span class='ocrx_word' id='word_1_41' title='bbox 1561 719 1688 759; x_wconf 90' lang='lat' dir='ltr'>quam</span> 
     </span>
     <span class='ocr_line' id='line_1_6' title="bbox 277 781 1690 841; baseline -0.005 -12"><span class='ocrx_word' id='word_1_42' title='bbox 277 787 383 829; x_wconf 89' lang='lat' dir='ltr'>artis</span> <span class='ocrx_word' id='word_1_43' title='bbox 415 786 658 841; x_wconf 86' lang='lat' dir='ltr'>ingeniique</span> <span class='ocrx_word' id='word_1_44' title='bbox 692 785 881 828; x_wconf 87' lang='lat' dir='ltr'>sollertia</span> <span class='ocrx_word' id='word_1_45' title='bbox 911 785 1166 837; x_wconf 81' lang='lat' dir='ltr'>instructus,</span> <span class='ocrx_word' id='word_1_46' title='bbox 1200 783 1243 824; x_wconf 90' lang='lat' dir='ltr'>in</span> <span class='ocrx_word' id='word_1_47' title='bbox 1277 795 1477 824; x_wconf 78' lang='lat' dir='ltr'>scaenam</span> <span class='ocrx_word' id='word_1_48' title='bbox 1521 781 1690 837; x_wconf 89' lang='lat' dir='ltr'>prodiit,</span> 
     </span>
     <span class='ocr_line' id='line_1_7' title="bbox 277 858 1687 916; baseline -0.003 -12"><span class='ocrx_word' id='word_1_49' title='bbox 277 876 361 904; x_wconf 88' lang='lat' dir='ltr'>non</span> <span class='ocrx_word' id='word_1_50' title='bbox 382 861 521 904; x_wconf 90' lang='lat' dir='ltr'>dicam</span> <span class='ocrx_word' id='word_1_51' title='bbox 539 863 633 916; x_wconf 83' lang='lat' dir='ltr'>tiro,</span> <span class='ocrx_word' id='word_1_52' title='bbox 656 862 733 904; x_wconf 88' lang='lat' dir='ltr'>sed</span> <span class='ocrx_word' id='word_1_53' title='bbox 751 859 1276 916; x_wconf 81' lang='lat' dir='ltr'>scriptormediocris‚</span> <span class='ocrx_word' id='word_1_54' title='bbox 1297 858 1687 912; x_wconf 87' lang='lat' dir='ltr'>diligentiavero</span> 
     </span>
     <span class='ocr_line' id='line_1_8' title="bbox 279 934 1691 993; baseline -0.004 -13"><span class='ocrx_word' id='word_1_55' title='bbox 279 942 321 980; x_wconf 89' lang='lat' dir='ltr'>et</span> <span class='ocrx_word' id='word_1_56' title='bbox 353 938 493 981; x_wconf 89' lang='lat' dir='ltr'>studio</span> <span class='ocrx_word' id='word_1_57' title='bbox 520 939 654 980; x_wconf 91' lang='lat' dir='ltr'>haud</span> <span class='ocrx_word' id='word_1_58' title='bbox 679 951 896 993; x_wconf 85' lang='lat' dir='ltr'>prorsus</span> <span class='ocrx_word' id='word_1_59' title='bbox 919 935 1338 980; x_wconf 83' lang='lat' dir='ltr'>contemnendus.</span> <span class='ocrx_word' id='word_1_60' title='bbox 1368 958 1421 963; x_wconf 88' lang='lat'>—-</span> <span class='ocrx_word' id='word_1_61' title='bbox 1454 934 1527 976; x_wconf 82' lang='lat' dir='ltr'>Sin</span> <span class='ocrx_word' id='word_1_62' title='bbox 1551 940 1691 976; x_wconf 87' lang='lat' dir='ltr'>autem</span> 
     </span>
     <span class='ocr_line' id='line_1_9' title="bbox 278 1011 1691 1068; baseline -0.004 -11"><span class='ocrx_word' id='word_1_63' title='bbox 278 1015 448 1068; x_wconf 90' lang='lat' dir='ltr'>quaeris</span> <span class='ocrx_word' id='word_1_64' title='bbox 468 1028 560 1068; x_wconf 92' lang='lat' dir='ltr'>quo</span> <span class='ocrx_word' id='word_1_65' title='bbox 579 1014 800 1057; x_wconf 92' lang='lat' dir='ltr'>consilio</span> <span class='ocrx_word' id='word_1_66' title='bbox 825 1014 936 1055; x_wconf 89' lang='lat' dir='ltr'>hanc</span> <span class='ocrx_word' id='word_1_67' title='bbox 961 1012 1148 1054; x_wconf 88' lang='lat' dir='ltr'>fabulam</span> <span class='ocrx_word' id='word_1_68' title='bbox 1173 1011 1499 1066; x_wconf 79' lang='lat' dir='ltr'>conscripserit?</span> <span class='ocrx_word' id='word_1_69' title='bbox 1533 1016 1691 1052; x_wconf 87' lang='lat' dir='ltr'>certum</span> 
     </span>
     <span class='ocr_line' id='line_1_10' title="bbox 277 1087 1691 1145; baseline -0.004 -12"><span class='ocrx_word' id='word_1_70' title='bbox 277 1091 498 1133; x_wconf 88' lang='lat' dir='ltr'>eonsilium</span> <span class='ocrx_word' id='word_1_71' title='bbox 529 1104 664 1145; x_wconf 89' lang='lat' dir='ltr'>aeque</span> <span class='ocrx_word' id='word_1_72' title='bbox 698 1104 748 1132; x_wconf 91' lang='lat' dir='ltr'>ac</span> <span class='ocrx_word' id='word_1_73' title='bbox 781 1091 901 1132; x_wconf 85' lang='lat' dir='ltr'>multi</span> <span class='ocrx_word' id='word_1_74' title='bbox 934 1089 1006 1131; x_wconf 88' lang='lat' dir='ltr'>alii</span> <span class='ocrx_word' id='word_1_75' title='bbox 1040 1102 1133 1131; x_wconf 90' lang='lat' dir='ltr'>eum</span> <span class='ocrx_word' id='word_1_76' title='bbox 1171 1088 1375 1130; x_wconf 89' lang='lat' dir='ltr'>habuisse</span> <span class='ocrx_word' id='word_1_77' title='bbox 1416 1087 1530 1129; x_wconf 89' lang='lat' dir='ltr'>haud</span> <span class='ocrx_word' id='word_1_78' title='bbox 1568 1087 1691 1129; x_wconf 88' lang='lat' dir='ltr'>adfir-</span> 
     </span>
     <span class='ocr_line' id='line_1_11' title="bbox 278 1164 1690 1221; baseline -0.002 -13"><span class='ocrx_word' id='word_1_79' title='bbox 278 1167 494 1221; x_wconf 88' lang='lat' dir='ltr'>maverim,</span> <span class='ocrx_word' id='word_1_80' title='bbox 530 1167 603 1209; x_wconf 89' lang='lat' dir='ltr'>sed</span> <span class='ocrx_word' id='word_1_81' title='bbox 638 1180 730 1209; x_wconf 86' lang='lat' dir='ltr'>cum</span> <span class='ocrx_word' id='word_1_82' title='bbox 764 1168 801 1209; x_wconf 89' lang='lat' dir='ltr'>ei</span> <span class='ocrx_word' id='word_1_83' title='bbox 832 1167 876 1208; x_wconf 93' lang='lat' dir='ltr'>in</span> <span class='ocrx_word' id='word_1_84' title='bbox 904 1167 1045 1207; x_wconf 90' lang='lat' dir='ltr'>animo</span> <span class='ocrx_word' id='word_1_85' title='bbox 1069 1170 1185 1207; x_wconf 88' lang='lat' dir='ltr'>esset</span> <span class='ocrx_word' id='word_1_86' title='bbox 1207 1164 1433 1207; x_wconf 89' lang='lat' dir='ltr'>Doloniam</span> <span class='ocrx_word' id='word_1_87' title='bbox 1458 1164 1499 1205; x_wconf 94' lang='lat' dir='ltr'>in</span> <span class='ocrx_word' id='word_1_88' title='bbox 1526 1168 1690 1217; x_wconf 85' lang='lat' dir='ltr'>tragoe-</span> 
     </span>
     <span class='ocr_line' id='line_1_12' title="bbox 278 1239 1690 1297; baseline -0.002 -14"><span class='ocrx_word' id='word_1_89' title='bbox 278 1241 376 1284; x_wconf 86' lang='lat' dir='ltr'>diae</span> <span class='ocrx_word' id='word_1_90' title='bbox 407 1242 587 1284; x_wconf 88' lang='lat' dir='ltr'>formam</span> <span class='ocrx_word' id='word_1_91' title='bbox 620 1242 826 1297; x_wconf 79' lang='lat' dir='ltr'>redigere,</span> <span class='ocrx_word' id='word_1_92' title='bbox 859 1243 904 1284; x_wconf 92' lang='lat' dir='ltr'>id</span> <span class='ocrx_word' id='word_1_93' title='bbox 937 1243 1044 1284; x_wconf 89' lang='lat' dir='ltr'>satis</span> <span class='ocrx_word' id='word_1_94' title='bbox 1070 1241 1151 1283; x_wconf 88' lang='lat' dir='ltr'>sibi</span> <span class='ocrx_word' id='word_1_95' title='bbox 1174 1241 1446 1296; x_wconf 82' lang='lat' dir='ltr'>praestitisse</span> <span class='ocrx_word' id='word_1_96' title='bbox 1470 1239 1588 1282; x_wconf 91' lang='lat' dir='ltr'>visus</span> <span class='ocrx_word' id='word_1_97' title='bbox 1612 1244 1690 1293; x_wconf 80' lang='lat' dir='ltr'>est,</span> 
     </span>
     <span class='ocr_line' id='line_1_13' title="bbox 279 1316 1692 1372; baseline -0.001 -13"><span class='ocrx_word' id='word_1_98' title='bbox 279 1318 506 1361; x_wconf 90' lang='lat' dir='ltr'>dummodo</span> <span class='ocrx_word' id='word_1_99' title='bbox 538 1319 772 1361; x_wconf 88' lang='lat' dir='ltr'>versiculos</span> <span class='ocrx_word' id='word_1_100' title='bbox 807 1318 1016 1372; x_wconf 86' lang='lat' dir='ltr'>quosdam</span> <span class='ocrx_word' id='word_1_101' title='bbox 1050 1318 1103 1360; x_wconf 89' lang='lat' dir='ltr'>ad</span> <span class='ocrx_word' id='word_1_102' title='bbox 1134 1318 1440 1372; x_wconf 84' lang='lat' dir='ltr'>grammaticae</span> <span class='ocrx_word' id='word_1_103' title='bbox 1472 1316 1692 1358; x_wconf 89' lang='lat' dir='ltr'>metricae-</span> 
     </span>
     <span class='ocr_line' id='line_1_14' title="bbox 282 1393 995 1450; baseline -0.001 -15"><span class='ocrx_word' id='word_1_104' title='bbox 282 1406 363 1447; x_wconf 87' lang='lat' dir='ltr'>que</span> <span class='ocrx_word' id='word_1_105' title='bbox 396 1394 568 1449; x_wconf 87' lang='lat' dir='ltr'>regulas</span> <span class='ocrx_word' id='word_1_106' title='bbox 603 1395 943 1450; x_wconf 83' lang='lat' dir='ltr'>conscripsisset.</span> <span class='ocrx_word' id='word_1_107' title='bbox 965 1393 995 1450; x_wconf 83' lang='lat'>¹)</span> 
     </span>
    </p>

    <p class='ocr_par' dir='ltr' id='par_1_2' title="bbox 280 1468 1696 2440">
     <span class='ocr_line' id='line_1_15' title="bbox 398 1468 1692 1524; baseline -0.001 -13"><span class='ocrx_word' id='word_1_108' title='bbox 398 1469 477 1512; x_wconf 92' lang='lat' dir='ltr'>His</span> <span class='ocrx_word' id='word_1_109' title='bbox 512 1484 611 1513; x_wconf 93' lang='lat' dir='ltr'>vero</span> <span class='ocrx_word' id='word_1_110' title='bbox 644 1471 836 1513; x_wconf 86' lang='lat' dir='ltr'>omnibus</span> <span class='ocrx_word' id='word_1_111' title='bbox 870 1469 1150 1513; x_wconf 85' lang='lat' dir='ltr'>consideratis</span> <span class='ocrx_word' id='word_1_112' title='bbox 1184 1474 1355 1524; x_wconf 86' lang='lat' dir='ltr'>propter</span> <span class='ocrx_word' id='word_1_113' title='bbox 1392 1473 1453 1511; x_wconf 92' lang='lat' dir='ltr'>tot</span> <span class='ocrx_word' id='word_1_114' title='bbox 1493 1468 1692 1511; x_wconf 88' lang='lat' dir='ltr'>diversis-</span> 
     </span>
     <span class='ocr_line' id='line_1_16' title="bbox 285 1544 1694 1602; baseline 0.001 -15"><span class='ocrx_word' id='word_1_115' title='bbox 285 1545 395 1588; x_wconf 87' lang='lat' dir='ltr'>sima</span> <span class='ocrx_word' id='word_1_116' title='bbox 436 1550 478 1588; x_wconf 89' lang='lat' dir='ltr'>et</span> <span class='ocrx_word' id='word_1_117' title='bbox 521 1548 802 1602; x_wconf 84' lang='lat' dir='ltr'>repugnantia</span> <span class='ocrx_word' id='word_1_118' title='bbox 843 1548 885 1588; x_wconf 91' lang='lat' dir='ltr'>in</span> <span class='ocrx_word' id='word_1_119' title='bbox 924 1547 1119 1589; x_wconf 89' lang='lat' dir='ltr'>omnibus</span> <span class='ocrx_word' id='word_1_120' title='bbox 1159 1545 1247 1588; x_wconf 88' lang='lat' dir='ltr'>fere</span> <span class='ocrx_word' id='word_1_121' title='bbox 1285 1544 1457 1588; x_wconf 90' lang='lat' dir='ltr'>fabulae</span> <span class='ocrx_word' id='word_1_122' title='bbox 1499 1546 1694 1600; x_wconf 89' lang='lat' dir='ltr'>partibus</span> 
     </span>
     <span class='ocr_line' id='line_1_17' title="bbox 283 1621 1696 1676; baseline 0.001 -13"><span class='ocrx_word' id='word_1_123' title='bbox 283 1621 454 1664; x_wconf 90' lang='lat' dir='ltr'>omnino</span> <span class='ocrx_word' id='word_1_124' title='bbox 486 1636 621 1676; x_wconf 88' lang='lat' dir='ltr'>neque</span> <span class='ocrx_word' id='word_1_125' title='bbox 654 1623 829 1664; x_wconf 88' lang='lat' dir='ltr'>florente</span> <span class='ocrx_word' id='word_1_126' title='bbox 849 1624 1080 1665; x_wconf 85' lang='lat' dir='ltr'>Atticorum</span> <span class='ocrx_word' id='word_1_127' title='bbox 1114 1627 1203 1664; x_wconf 87' lang='lat' dir='ltr'>arte</span> <span class='ocrx_word' id='word_1_128' title='bbox 1238 1622 1436 1664; x_wconf 89' lang='lat' dir='ltr'>scaenica</span> <span class='ocrx_word' id='word_1_129' title='bbox 1468 1635 1618 1676; x_wconf 89' lang='lat' dir='ltr'>neque,</span> <span class='ocrx_word' id='word_1_130' title='bbox 1652 1627 1696 1664; x_wconf 87' lang='lat' dir='ltr'>ut</span> 
     </span>
     <span class='ocr_line' id='line_1_18' title="bbox 282 1697 1694 1754; baseline 0 -14"><span class='ocrx_word' id='word_1_131' title='bbox 282 1699 367 1740; x_wconf 88' lang='lat' dir='ltr'>iam</span> <span class='ocrx_word' id='word_1_132' title='bbox 405 1698 607 1753; x_wconf 82' lang='lat' dir='ltr'>vidimus,</span> <span class='ocrx_word' id='word_1_133' title='bbox 656 1697 840 1753; x_wconf 92' lang='lat' dir='ltr'>paullo</span> <span class='ocrx_word' id='word_1_134' title='bbox 874 1704 1001 1754; x_wconf 88' lang='lat' dir='ltr'>post</span> <span class='ocrx_word' id='word_1_135' title='bbox 1047 1698 1156 1740; x_wconf 86' lang='lat' dir='ltr'>hunc</span> <span class='ocrx_word' id='word_1_136' title='bbox 1207 1703 1420 1740; x_wconf 86' lang='lat' dir='ltr'>auctorem</span> <span class='ocrx_word' id='word_1_137' title='bbox 1468 1698 1694 1753; x_wconf 85' lang='lat' dir='ltr'>scripsisse</span> 
     </span>
     <span class='ocr_line' id='line_1_19' title="bbox 284 1773 1694 1829; baseline -0.001 -13"><span class='ocrx_word' id='word_1_138' title='bbox 284 1774 561 1817; x_wconf 88' lang='lat' dir='ltr'>statuendum</span> <span class='ocrx_word' id='word_1_139' title='bbox 609 1788 784 1828; x_wconf 86' lang='lat' dir='ltr'>censeo,</span> <span class='ocrx_word' id='word_1_140' title='bbox 834 1774 910 1816; x_wconf 89' lang='lat' dir='ltr'>sed</span> <span class='ocrx_word' id='word_1_141' title='bbox 957 1774 1130 1829; x_wconf 88' lang='lat' dir='ltr'>paullo</span> <span class='ocrx_word' id='word_1_142' title='bbox 1179 1779 1303 1815; x_wconf 89' lang='lat' dir='ltr'>ante</span> <span class='ocrx_word' id='word_1_143' title='bbox 1337 1773 1694 1816; x_wconf 84' lang='lat' dir='ltr'>Alexandrum</span> 
     </span>
     <span class='ocr_line' id='line_1_20' title="bbox 281 1849 1695 1905; baseline -0.001 -12"><span class='ocrx_word' id='word_1_144' title='bbox 281 1849 415 1905; x_wconf 86' lang='lat' dir='ltr'>(circa</span> <span class='ocrx_word' id='word_1_145' title='bbox 446 1850 722 1905; x_wconf 73' lang='lat' dir='ltr'>360-—34o);</span> <span class='ocrx_word' id='word_1_146' title='bbox 757 1864 837 1904; x_wconf 93' lang='lat' dir='ltr'>quo</span> <span class='ocrx_word' id='word_1_147' title='bbox 869 1855 1078 1905; x_wconf 85' lang='lat' dir='ltr'>tempore,</span> <span class='ocrx_word' id='word_1_148' title='bbox 1113 1863 1206 1891; x_wconf 89' lang='lat' dir='ltr'>cum</span> <span class='ocrx_word' id='word_1_149' title='bbox 1238 1851 1360 1891; x_wconf 90' lang='lat' dir='ltr'>unius</span> <span class='ocrx_word' id='word_1_150' title='bbox 1395 1850 1575 1905; x_wconf 83' lang='lat' dir='ltr'>exempli</span> <span class='ocrx_word' id='word_1_151' title='bbox 1607 1850 1695 1892; x_wconf 90' lang='lat' dir='ltr'>imi-</span> 
     </span>
     <span class='ocr_line' id='line_1_21' title="bbox 281 1926 1694 1981; baseline 0 -13"><span class='ocrx_word' id='word_1_152' title='bbox 281 1927 401 1969; x_wconf 88' lang='lat' dir='ltr'>tandi</span> <span class='ocrx_word' id='word_1_153' title='bbox 436 1927 619 1970; x_wconf 85' lang='lat' dir='ltr'>studium</span> <span class='ocrx_word' id='word_1_154' title='bbox 654 1927 874 1979; x_wconf 72' lang='lat' dir='ltr'>desiisset,</span> <span class='ocrx_word' id='word_1_155' title='bbox 917 1926 1101 1969; x_wconf 85' lang='lat' dir='ltr'>fortasse</span> <span class='ocrx_word' id='word_1_156' title='bbox 1133 1931 1261 1981; x_wconf 85' lang='lat' dir='ltr'>poeta</span> <span class='ocrx_word' id='word_1_157' title='bbox 1295 1926 1470 1979; x_wconf 88' lang='lat' dir='ltr'>quidam</span> <span class='ocrx_word' id='word_1_158' title='bbox 1511 1926 1694 1969; x_wconf 90' lang='lat' dir='ltr'>obsoleti</span> 
     </span>
     <span class='ocr_line' id='line_1_22' title="bbox 280 2002 1694 2058; baseline 0 -13"><span class='ocrx_word' id='word_1_159' title='bbox 280 2004 367 2045; x_wconf 86' lang='lat' dir='ltr'>iam</span> <span class='ocrx_word' id='word_1_160' title='bbox 400 2004 674 2057; x_wconf 79' lang='lat' dir='ltr'>enervatique</span> <span class='ocrx_word' id='word_1_161' title='bbox 708 2004 877 2058; x_wconf 90' lang='lat' dir='ltr'>generis</span> <span class='ocrx_word' id='word_1_162' title='bbox 910 2002 1127 2058; x_wconf 87' lang='lat' dir='ltr'>Euripidei</span> <span class='ocrx_word' id='word_1_163' title='bbox 1164 2007 1203 2045; x_wconf 87' lang='lat' dir='ltr'>et</span> <span class='ocrx_word' id='word_1_164' title='bbox 1236 2002 1487 2045; x_wconf 87' lang='lat' dir='ltr'>volubilium</span> <span class='ocrx_word' id='word_1_165' title='bbox 1519 2003 1694 2047; x_wconf 90' lang='lat' dir='ltr'>levium-</span> 
     </span>
     <span class='ocr_line' id='line_1_23' title="bbox 282 2078 1692 2134; baseline 0.001 -14"><span class='ocrx_word' id='word_1_166' title='bbox 282 2092 362 2132; x_wconf 88' lang='lat' dir='ltr'>que</span> <span class='ocrx_word' id='word_1_167' title='bbox 393 2092 664 2122; x_wconf 86' lang='lat' dir='ltr'>numerorum</span> <span class='ocrx_word' id='word_1_168' title='bbox 697 2078 839 2122; x_wconf 86' lang='lat' dir='ltr'>taedio</span> <span class='ocrx_word' id='word_1_169' title='bbox 872 2084 1022 2134; x_wconf 85' lang='lat' dir='ltr'>captus</span> <span class='ocrx_word' id='word_1_170' title='bbox 1056 2079 1111 2120; x_wconf 89' lang='lat' dir='ltr'>ad</span> <span class='ocrx_word' id='word_1_171' title='bbox 1147 2079 1405 2132; x_wconf 87' lang='lat' dir='ltr'>gravitatem</span> <span class='ocrx_word' id='word_1_172' title='bbox 1443 2079 1558 2120; x_wconf 91' lang='lat' dir='ltr'>illam</span> <span class='ocrx_word' id='word_1_173' title='bbox 1593 2084 1692 2122; x_wconf 89' lang='lat' dir='ltr'>stre-</span> 
     </span>
     <span class='ocr_line' id='line_1_24' title="bbox 281 2155 1695 2210; baseline 0.001 -14"><span class='ocrx_word' id='word_1_174' title='bbox 281 2155 570 2209; x_wconf 89' lang='lat' dir='ltr'>nuitatemque</span> <span class='ocrx_word' id='word_1_175' title='bbox 602 2156 760 2197; x_wconf 80' lang='lat' dir='ltr'>veteris</span> <span class='ocrx_word' id='word_1_176' title='bbox 794 2155 1044 2209; x_wconf 88' lang='lat' dir='ltr'>tragoediae</span> <span class='ocrx_word' id='word_1_177' title='bbox 1077 2156 1217 2197; x_wconf 87' lang='lat' dir='ltr'>animo</span> <span class='ocrx_word' id='word_1_178' title='bbox 1250 2168 1456 2197; x_wconf 88' lang='lat' dir='ltr'>converso</span> <span class='ocrx_word' id='word_1_179' title='bbox 1487 2155 1531 2196; x_wconf 94' lang='lat' dir='ltr'>id</span> <span class='ocrx_word' id='word_1_180' title='bbox 1555 2156 1695 2210; x_wconf 89' lang='lat' dir='ltr'>ipsum</span> 
     </span>
     <span class='ocr_line' id='line_1_25' title="bbox 283 2231 1693 2286; baseline 0 -13"><span class='ocrx_word' id='word_1_181' title='bbox 283 2232 469 2275; x_wconf 87' lang='lat' dir='ltr'>confecit</span> <span class='ocrx_word' id='word_1_182' title='bbox 500 2232 613 2286; x_wconf 88' lang='lat' dir='ltr'>quod</span> <span class='ocrx_word' id='word_1_183' title='bbox 645 2232 688 2273; x_wconf 91' lang='lat' dir='ltr'>in</span> <span class='ocrx_word' id='word_1_184' title='bbox 721 2232 921 2274; x_wconf 86' lang='lat' dir='ltr'>manibus</span> <span class='ocrx_word' id='word_1_185' title='bbox 955 2236 1034 2274; x_wconf 89' lang='lat' dir='ltr'>est.</span> <span class='ocrx_word' id='word_1_186' title='bbox 1069 2256 1121 2260; x_wconf 97' lang='lat'>—</span> <span class='ocrx_word' id='word_1_187' title='bbox 1155 2231 1291 2280; x_wconf 78' lang='lat' dir='ltr'>Quam</span> <span class='ocrx_word' id='word_1_188' title='bbox 1315 2231 1484 2285; x_wconf 90' lang='lat' dir='ltr'>quidem</span> <span class='ocrx_word' id='word_1_189' title='bbox 1503 2231 1693 2274; x_wconf 85' lang='lat' dir='ltr'>fabulam</span> 
     </span>
     <span class='ocr_line' id='line_1_26' title="bbox 281 2309 1693 2363; baseline -0.001 -13"><span class='ocrx_word' id='word_1_190' title='bbox 281 2312 450 2350; x_wconf 89' lang='lat' dir='ltr'>actam</span> <span class='ocrx_word' id='word_1_191' title='bbox 471 2321 569 2351; x_wconf 88' lang='lat' dir='ltr'>esse</span> <span class='ocrx_word' id='word_1_192' title='bbox 592 2309 786 2362; x_wconf 85' lang='lat' dir='ltr'>quamvis</span> <span class='ocrx_word' id='word_1_193' title='bbox 810 2322 893 2351; x_wconf 86' lang='lat' dir='ltr'>non</span> <span class='ocrx_word' id='word_1_194' title='bbox 918 2309 1087 2351; x_wconf 87' lang='lat' dir='ltr'>obstent</span> <span class='ocrx_word' id='word_1_195' title='bbox 1115 2320 1308 2362; x_wconf 83' lang='lat' dir='ltr'>caussae,</span> <span class='ocrx_word' id='word_1_196' title='bbox 1331 2312 1472 2349; x_wconf 83' lang='lat' dir='ltr'>tamen</span> <span class='ocrx_word' id='word_1_197' title='bbox 1491 2322 1693 2363; x_wconf 83' lang='lat' dir='ltr'>magnum</span> 
     </span>
     <span class='ocr_line' id='line_1_27' title="bbox 282 2384 1695 2440; baseline 0 -14"><span class='ocrx_word' id='word_1_198' title='bbox 282 2384 480 2439; x_wconf 90' lang='lat' dir='ltr'>plausum</span> <span class='ocrx_word' id='word_1_199' title='bbox 519 2385 671 2428; x_wconf 86' lang='lat' dir='ltr'>tulisse</span> <span class='ocrx_word' id='word_1_200' title='bbox 712 2385 1078 2440; x_wconf 85' lang='lat' dir='ltr'>spectantiumque</span> <span class='ocrx_word' id='word_1_201' title='bbox 1121 2384 1287 2427; x_wconf 91' lang='lat' dir='ltr'>animos</span> <span class='ocrx_word' id='word_1_202' title='bbox 1326 2384 1598 2428; x_wconf 87' lang='lat' dir='ltr'>vehementer</span> <span class='ocrx_word' id='word_1_203' title='bbox 1636 2385 1695 2426; x_wconf 91' lang='lat' dir='ltr'>in-</span> 
     </span>
    </p>
   </div>
   <div class='ocr_carea' id='block_1_2' title="bbox 281 2538 1695 2822">
    <p class='ocr_par' dir='ltr' id='par_1_3' title="bbox 281 2538 1695 2822">
     <span class='ocr_line' id='line_1_28' title="bbox 379 2538 1695 2587; baseline -0.002 -11"><span class='ocrx_word' id='word_1_204' title='bbox 379 2541 406 2584; x_wconf 82' lang='lat'>¹)</span> <span class='ocrx_word' id='word_1_205' title='bbox 433 2551 478 2575; x_wconf 89' lang='lat' dir='ltr'>ne</span> <span class='ocrx_word' id='word_1_206' title='bbox 506 2551 595 2576; x_wconf 89' lang='lat' dir='ltr'>vero</span> <span class='ocrx_word' id='word_1_207' title='bbox 621 2551 714 2586; x_wconf 85' lang='lat' dir='ltr'>quae</span> <span class='ocrx_word' id='word_1_208' title='bbox 740 2541 776 2576; x_wconf 90' lang='lat' dir='ltr'>in</span> <span class='ocrx_word' id='word_1_209' title='bbox 802 2541 949 2587; x_wconf 87' lang='lat' dir='ltr'>epilogo</span> <span class='ocrx_word' id='word_1_210' title='bbox 975 2541 1146 2587; x_wconf 85' lang='lat' dir='ltr'>leguntur</span> <span class='ocrx_word' id='word_1_211' title='bbox 1161 2541 1208 2575; x_wconf 87' lang='lat' dir='ltr'>ad</span> <span class='ocrx_word' id='word_1_212' title='bbox 1228 2543 1364 2575; x_wconf 87' lang='lat' dir='ltr'>certam</span> <span class='ocrx_word' id='word_1_213' title='bbox 1383 2539 1560 2575; x_wconf 88' lang='lat' dir='ltr'>historiae</span> <span class='ocrx_word' id='word_1_214' title='bbox 1578 2538 1695 2574; x_wconf 82' lang='lat' dir='ltr'>Athe-</span> 
     </span>
     <span class='ocr_line' id='line_1_29' title="bbox 281 2594 1693 2644; baseline -0.001 -11"><span class='ocrx_word' id='word_1_215' title='bbox 281 2598 461 2634; x_wconf 89' lang='lat' dir='ltr'>niensium</span> <span class='ocrx_word' id='word_1_216' title='bbox 488 2594 628 2642; x_wconf 83' lang='lat' dir='ltr'>partem</span> <span class='ocrx_word' id='word_1_217' title='bbox 655 2600 837 2644; x_wconf 89' lang='lat' dir='ltr'>respicere</span> <span class='ocrx_word' id='word_1_218' title='bbox 871 2600 1014 2635; x_wconf 85' lang='lat' dir='ltr'>credas.</span> <span class='ocrx_word' id='word_1_219' title='bbox 1064 2599 1208 2634; x_wconf 89' lang='lat' dir='ltr'>Etenim</span> <span class='ocrx_word' id='word_1_220' title='bbox 1234 2599 1325 2634; x_wconf 86' lang='lat' dir='ltr'>talia</span> <span class='ocrx_word' id='word_1_221' title='bbox 1365 2608 1508 2644; x_wconf 86' lang='lat' dir='ltr'>semper</span> <span class='ocrx_word' id='word_1_222' title='bbox 1544 2598 1693 2642; x_wconf 83' lang='lat' dir='ltr'>lubrica,</span> 
     </span>
     <span class='ocr_line' id='line_1_30' title="bbox 282 2656 1693 2703; baseline -0.001 -11"><span class='ocrx_word' id='word_1_223' title='bbox 282 2668 400 2702; x_wconf 87' lang='lat' dir='ltr'>neque</span> <span class='ocrx_word' id='word_1_224' title='bbox 427 2658 475 2693; x_wconf 86' lang='lat' dir='ltr'>ad</span> <span class='ocrx_word' id='word_1_225' title='bbox 500 2661 635 2693; x_wconf 86' lang='lat' dir='ltr'>certum</span> <span class='ocrx_word' id='word_1_226' title='bbox 661 2658 769 2693; x_wconf 90' lang='lat' dir='ltr'>finem</span> <span class='ocrx_word' id='word_1_227' title='bbox 794 2659 1051 2703; x_wconf 83' lang='lat' dir='ltr'>perducuntur,</span> <span class='ocrx_word' id='word_1_228' title='bbox 1078 2668 1110 2694; x_wconf 90' lang='lat' dir='ltr'>e.</span> <span class='ocrx_word' id='word_1_229' title='bbox 1136 2668 1167 2694; x_wconf 85' lang='lat' dir='ltr'>c.</span> <span class='ocrx_word' id='word_1_230' title='bbox 1191 2658 1299 2693; x_wconf 88' lang='lat' dir='ltr'>velim</span> <span class='ocrx_word' id='word_1_231' title='bbox 1325 2667 1463 2692; x_wconf 91' lang='lat' dir='ltr'>mecum</span> <span class='ocrx_word' id='word_1_232' title='bbox 1489 2656 1693 2692; x_wconf 88' lang='lat' dir='ltr'>recorderis</span> 
     </span>
     <span class='ocr_line' id='line_1_31' title="bbox 283 2715 1692 2763; baseline -0.001 -12"><span class='ocrx_word' id='word_1_233' title='bbox 283 2727 377 2762; x_wconf 89' lang='lat' dir='ltr'>quae</span> <span class='ocrx_word' id='word_1_234' title='bbox 404 2717 448 2751; x_wconf 89' lang='lat' dir='ltr'>de</span> <span class='ocrx_word' id='word_1_235' title='bbox 477 2716 607 2761; x_wconf 87' lang='lat' dir='ltr'>Oedipi</span> <span class='ocrx_word' id='word_1_236' title='bbox 635 2717 787 2753; x_wconf 88' lang='lat' dir='ltr'>Colonei</span> <span class='ocrx_word' id='word_1_237' title='bbox 812 2720 976 2763; x_wconf 88' lang='lat' dir='ltr'>tempore</span> <span class='ocrx_word' id='word_1_238' title='bbox 999 2717 1253 2753; x_wconf 87' lang='lat' dir='ltr'>Laehmannus</span> <span class='ocrx_word' id='word_1_239' title='bbox 1271 2716 1460 2762; x_wconf 87' lang='lat' dir='ltr'>Reisigius</span> <span class='ocrx_word' id='word_1_240' title='bbox 1483 2715 1692 2752; x_wconf 87' lang='lat' dir='ltr'>Boeckhius</span> 
     </span>
     <span class='ocr_line' id='line_1_32' title="bbox 281 2775 871 2822; baseline 0.002 -11"><span class='ocrx_word' id='word_1_241' title='bbox 281 2775 373 2811; x_wconf 84' lang='lat' dir='ltr'>satis</span> <span class='ocrx_word' id='word_1_242' title='bbox 400 2775 630 2822; x_wconf 86' lang='lat' dir='ltr'>divergentia</span> <span class='ocrx_word' id='word_1_243' title='bbox 656 2778 871 2813; x_wconf 87' lang='lat' dir='ltr'>statuerunt.</span> 
     </span>
    </p>
   </div>
  </div>
 </body>
</html>
