2238 3418
376 423 445 464 Fr.
479 436 505 464 a
536 422 806 476 Raumer1)
840 423 882 464 in
916 423 1060 476 lepida
1094 428 1135 465 et
1178 423 1316 466 faceta
1355 424 1562 466 dramatis
1606 438 1673 466 ex-

265 498 473 553 positione
506 506 717 539 auctorem
752 498 885 540 fuisse
919 500 1067 540 statuit
1109 499 1304 553 tironem,
1348 500 1416 553 qui
1460 500 1550 541 sine
1587 500 1674 541 ulla

263 574 455 627 tragicae
489 574 592 615 artis
634 575 875 628 cognitione
918 574 1002 616 stili
1048 575 1271 617 exercendi
1315 589 1469 618 caussa
1503 576 1675 618 Homeri

266 649 493 692 Doloniam
525 649 566 690 in
601 649 748 691 drama
780 649 1044 692 conformare
1079 651 1301 693 studuerit.
1349 652 1441 694 Nec
1473 652 1596 694 aliter
1617 652 1673 693 iu-

237 734 244 738 ·
264 725 424 768 dicavit
441 725 546 766 Lud.
572 725 834 780 Tieckius,
855 726 967 780 apud
987 727 1180 769 eumdem
1204 728 1457 769 Raumerum
1471 726 1502 781 2)
1523 742 1676 770 memo·

261 806 393 844 ratus.
411 825 467 830 —-
486 803 592 855 Aug.
613 802 817 843 Guilelmo
843 803 871 844 S
887 801 1140 856 chlegelio
1159 801 1189 856 3)
1217 809 1342 857 poeta
1364 804 1563 857 imitator,
1599 803 1674 844 sed

263 878 401 932 potius
427 876 652 931 Sophoclis
687 890 812 930 quam
836 878 1066 932 Euripidis,
1101 883 1142 920 et
1167 879 1310 932 paullo
1334 879 1502 931 quidem
1524 883 1675 933 postea

262 952 453 995 fabulam
482 953 773 1007 composuisse
797 953 977 995 videtur.
1008 977 1061 982 -—
1097 954 1371 995 Elmsleius
1390 954 1423 1007 4)
1467 955 1674 996 incertum

264 1028 394 1070 Rhesi
428 1034 654 1083 memorat,
687 1029 950 1083 Reisigius
969 1028 1000 1082 ⁵)
1025 1030 1172 1083 tragici
1203 1030 1402 1083 Rhesum,
1432 1028 1673 1083 Monkius⁶)

266 1109 510 1158 „auctorem
542 1104 722 1158 Rhesi,“
767 1118 902 1158 neque
936 1106 1147 1147 Porsonus
1179 1119 1333 1148 nomen
1364 1111 1515 1160 poetae
1558 1105 1674 1147 addi-

264 1180 326 1222 dit
341 1194 480 1234 neque
503 1180 790 1223 Blomfieldus.
811 1207 862 1211 ——
887 1181 963 1223 Od.
988 1182 1264 1223 Muellerus
1282 1182 1325 1223 in
1343 1182 1442 1223 hist.
1466 1181 1542 1223 litt.
1567 1196 1628 1235 gr.
1643 1179 1673 1236 ⁷)

263 1256 376 1299 hanc
408 1256 622 1310 fabulam,
667 1270 760 1297 cum
791 1256 1063 1311 Euripideum
1096 1258 1340 1311 χαρακτῗρα
1386 1271 1468 1299 non
1516 1257 1675 1298 habeat

265 1337 395 1385 atque
426 1332 688 1387 Aeschylum
721 1333 857 1386 magis
902 1338 942 1374 et
982 1333 1232 1388 Sophoclem
1273 1346 1399 1385 quam
1431 1332 1674 1387 Euripidem

263 1408 453 1450 imitatus
488 1409 542 1450 sit
576 1412 731 1461 auctor,
766 1408 1008 1450 dubitanter
1040 1411 1111 1451 uni
1144 1423 1196 1451 ex
1220 1408 1419 1451 Philoclis
1454 1408 1674 1463 discipulis

264 1485 422 1526 tribuit.
443 1507 495 1512 —
518 1485 622 1538 Aug.
659 1484 906 1526 Matthiae
940 1485 981 1526 in
1005 1485 1168 1527 adnott.
1195 1484 1252 1526 ad
1275 1484 1451 1538 Rheae)
1485 1483 1539 1526 ad
1574 1489 1675 1526 tem-

261 1573 341 1614 pus
374 1559 563 1602 florentis
597 1565 639 1601 et
655 1559 826 1613 linguae
844 1565 886 1600 et
909 1574 1093 1603 scaenae
1115 1561 1347 1603 Atticorum
1370 1560 1482 1602 hunc
1504 1564 1673 1615 poetam

261 1635 528 1677 referendum
559 1640 693 1690 putat.
756 1635 889 1684 Quem
922 1636 1056 1678 virum
1100 1636 1269 1679 doctum
1308 1637 1368 1678 ita
1411 1636 1552 1690 egisse
1589 1649 1675 1677 non

261 1711 476 1765 miramur,
503 1712 538 1752 si
561 1711 844 1766 perspicimus
869 1724 961 1752 eum
986 1712 1028 1753 in
1051 1713 1294 1754 universum
1319 1712 1430 1754 iusto
1447 1711 1597 1753 melius
1623 1711 1674 1753 de

261 1786 343 1828 hac
374 1786 597 1840 tragoedia
619 1787 849 1829 iudicasse.
898 1787 1064 1829 Etenim
1103 1788 1330 1842 „pleraque
1354 1800 1429 1829 suo
1452 1787 1546 1829 loco
1567 1787 1675 1841 posi-

262 1869 307 1904 ta
340 1861 465 1904 esse“
500 1863 708 1917 perhibet,
742 1867 787 1904 ut
820 1876 869 1904 ea
900 1868 1070 1918 poetam
1102 1877 1187 1904 non
1220 1876 1270 1904 ex
1304 1862 1464 1905 abditis
1487 1862 1674 1904 fontibus

262 1938 477 1992 hausisse,
512 1939 588 1980 sed
612 1953 632 1980 e
658 1940 869 1981 communi
894 1944 1116 1993 poetarum
1140 1939 1203 1980 sui
1229 1938 1430 1993 temporis
1455 1942 1675 1980 consuetu-

263 2014 360 2055 dine
395 2015 603 2057 sumsisse
638 2014 799 2068 dicas,“
835 2028 932 2056 rara
965 2020 1062 2057 sunt
1083 2028 1150 2068 ea,
1184 2029 1293 2068 quae
1317 2015 1358 2056 in
1382 2014 1460 2055 hoc
1480 2027 1563 2056 uno
1589 2027 1674 2055 car-

261 2090 374 2132 mine
418 2090 639 2144 leguntur,
678 2091 928 2132 imitationis
970 2105 1070 2133 vero
1113 2091 1230 2132 nulla
1270 2103 1446 2143 usquam
1490 2089 1675 2143 vestigia

264 2164 402 2220 sunt,“
427 2198 576 2209 .....
610 2167 818 2221 imprimis
851 2166 894 2207 in
927 2166 1092 2208 melicis
1126 2168 1188 2209 ita
1219 2180 1303 2209 non
1345 2179 1570 2219 numquam
1611 2167 1673 2208 sui

262 2246 304 2283 et
334 2242 438 2284 iuris
472 2246 513 2284 et
539 2242 701 2297 ingenii
725 2247 803 2295 est,
838 2247 883 2284 ut
904 2242 1018 2298 apud
1040 2257 1123 2285 non
1146 2242 1283 2285 nullos
1309 2243 1351 2284 in
1374 2242 1528 2284 nimiae
1551 2242 1674 2284 auda·

359 2380 383 2422 ¹)
407 2380 430 2416 l.
456 2381 560 2416 initio
586 2382 608 2416 l.

357 2437 384 2480 ²)
411 2449 447 2482 p.
474 2440 556 2475 545.

360 2498 386 2539 3)
412 2497 436 2532 l.
463 2507 575 2541 supra
601 2498 741 2533 laudati
767 2498 797 2533 I.
824 2509 859 2542 p.
885 2499 967 2533 263.

362 2557 388 2598 4)
415 2555 463 2590 ad
490 2555 704 2590 Heraclidas
732 2556 898 2591 Medeam
923 2555 1102 2591 Bacchas.

359 2615 385 2656 ⁵)
413 2613 460 2648 ad
488 2613 599 2658 Soph.
628 2614 717 2649 Oed.
746 2615 785 2651 C.
812 2625 848 2659 p.
875 2615 1050 2650 XXXIX.

356 2674 381 2714 ⁶)
409 2672 457 2706 ad
482 2672 567 2707 Eur.
594 2672 740 2717 Hippoi.
766 2684 801 2709 v.
827 2674 910 2708 521.

360 2732 384 2774 ⁷)
412 2731 461 2775 II,
488 2741 524 2774 p.
553 2731 632 2766 179.

360 2791 386 2834 ⁸)
413 2801 448 2834 p.
474 2791 579 2825 2—4.
