2238 3418
1061 357 1346 396 -10Ψ

508 472 656 521 erant,
688 482 777 510 non
809 470 1086 523 nominasse,
1128 471 1204 512 ubi
1236 472 1309 512 vel
1341 472 1562 514 inferioris
1597 478 1723 515 erant
1754 478 1904 527 notae,

506 545 580 587 vel
615 546 793 586 omnino
828 559 982 587 eorum
1015 547 1194 588 nomina
1226 554 1518 589 evanuerunt.
1553 574 1606 579 —

622 637 715 688 τοὺς
761 638 883 688 ἐνίους
927 640 1096 694 aliquot
1139 641 1319 682 saecula
1358 647 1456 697 post
1492 643 1905 685 Alexandrinorum

505 728 669 756 aevum
702 715 868 756 vixisse
901 715 1006 756 mihi
1042 717 1217 770 quidem
1250 718 1344 758 veri
1378 718 1643 759 simillimum
1667 724 1747 760 est.
1805 720 1904 761 Ari-

504 790 706 831 starchos
741 790 884 843 enim,
924 791 1236 834 Parmeniscos
1271 794 1471 848 aliosque
1503 795 1754 836 litterarum
1785 797 1904 850 prin-

504 867 624 921 cipes
657 870 746 907 tam
777 866 937 907 leviter
970 871 1150 922 tamque
1185 869 1328 909 obiter
1359 871 1498 911 verbo
1531 869 1620 912 ἔνιοι
1653 872 1905 927 significari,

502 942 608 982 mihi
640 942 914 996 persuadere
949 956 1038 983 non
1070 957 1264 997 possum.
1298 970 1351 973 —

619 1029 657 1070 ἐν
690 1028 824 1083 μέντοι
861 1034 952 1078 ταῖς
995 1032 1150 1072 διδασκ.
1195 1026 1248 1080 ὧς
1285 1030 1442 1088 γνήσιον
1483 1031 1785 1089 ἀναγέγραπται
1821 1036 1905 1076 hoc

505 1105 648 1146 solum
680 1105 864 1158 indicat,
891 1105 1120 1161 Euripidis
1155 1107 1353 1150 fabulam
1383 1110 1581 1151 Rhesum
1602 1111 1648 1150 in
1673 1111 1903 1152 didacaliis

508 1185 707 1222 notatam
743 1182 902 1234 fuisse,
943 1182 1117 1223 minime
1161 1197 1266 1225 vero
1301 1190 1501 1240 apparet,
1544 1187 1659 1227 hanc
1692 1191 1905 1240 nostram,

505 1272 637 1313 quam
670 1257 889 1298 habemus
923 1263 1209 1300 memoratam
1245 1274 1341 1301 esse
1373 1262 1418 1301 in
1452 1262 1721 1303 didascaliis.
1764 1280 1789 1318 η
1821 1262 1908 1318 περὶ

502 1330 556 1376 τὰ
573 1349 659 1388 μετ.
677 1332 1035 1388 πολυπραγμοσύνη
1068 1331 1296 1377 infirmum*
1324 1341 1366 1377 et
1399 1337 1531 1378 futile
1565 1342 1630 1379 est
1664 1338 1903 1379 documen-

503 1416 621 1463 tum,
665 1424 766 1451 cum
801 1423 876 1462 ea,
920 1424 1035 1464 quae
1069 1413 1341 1467 astrologiae
1377 1414 1573 1455 studium
1597 1414 1669 1455 vel
1702 1415 1902 1469 peritiam

503 1487 658 1528 testari
693 1486 912 1535 debeant,
953 1488 1035 1540 (vs.
1071 1489 1153 1528 527
1190 1489 1273 1543 sq.)
1306 1494 1395 1530 tam
1436 1495 1541 1531 nota
1583 1495 1763 1546 tamque
1806 1491 1903 1532 vul-

502 1562 625 1617 garia
658 1562 765 1615 sint,
805 1566 853 1603 ut
887 1562 1131 1618 unicuique
1171 1564 1266 1605 fere
1306 1565 1410 1606 trita
1449 1579 1545 1607 esse
1579 1580 1706 1606 nemo
1743 1566 1796 1606 sit
1830 1566 1904 1621 qui

502 1643 653 1694 neget.
687 1663 739 1668 —

620 1732 721 1775 Jam
743 1747 849 1775 vero
881 1747 1163 1789 quaeramus,
1188 1735 1367 1789 quinam
1388 1734 1801 1777 Alexandrinorum
1831 1736 1903 1777 vel

505 1809 680 1850 omnino
714 1814 1113 1852 commentator-um
1138 1814 1340 1852 veterum
1366 1811 1411 1852 in
1440 1811 1620 1853 scholiis
1646 1812 1903 1854 afferantur.

622 1903 695 1944 Ad
727 1919 792 1945 vs.
855 1905 894 1944 5.
929 1903 1099 1945 Crates.

651 2011 669 2032 „
739 2012 757 2031 „
825 1981 894 2020 28.
929 1979 1248 2033 Callimachus,
1279 1980 1550 2033 Zenodotus,
1583 1980 1880 2036 Hegesippus.

652 2088 670 2105 „
740 2088 758 2107 „
825 2057 893 2096 36.
926 2055 1227 2111 Epimenides.

653 2163 671 2183 „
740 2163 758 2183 „
800 2133 898 2173 504.
931 2132 1273 2187 Dionysodorus
1307 2133 1345 2173 ἐν
1382 2136 1467 2181 τοῖς
1508 2130 1617 2188 παρὰ
1658 2137 1743 2182 τοῖς
1772 2147 1907 2190 τραγῳ

1000 2210 1189 2257 διοποιοῖς
1218 2204 1533 2264 ἡμαρτημένοις.

652 2315 671 2335 „
740 2316 758 2335 .,
797 2286 894 2325 505.
928 2284 1174 2340 Philippus.

653 2391 671 2411 „
741 2392 759 2411 „
799 2362 899 2402 524.
934 2361 1102 2403 Crates.
1136 2361 1462 2402 Parmeniscus.

653 2469 671 2488 „
741 2469 759 2486 „
798 2439 895 2478 537.
929 2437 1234 2479 Aristarchus.

654 2546 672 2565 „
746 2547 763 2565 η
802 2515 899 2555 892.
932 2513 1241 2569 Asclepiades.

623 2607 776 2648 Unum
808 2612 958 2649 autem
992 2621 1170 2660 eorum,
1213 2608 1285 2648 vel
1318 2622 1457 2648 unum
1488 2622 1671 2663 prorsus
1706 2612 1908 2649 veterum

506 2684 895 2737 grammaticorum
937 2688 1120 2725 nostrae
1164 2683 1346 2725 fabulae
1381 2685 1654 2739 singularem
1688 2697 1906 2725 commen-

504 2759 665 2800 tarium
699 2773 925 2813 exarasse,
952 2760 1077 2801 nullo
1102 2760 1232 2801 modo
1257 2764 1454 2815 apparet,
1488 2760 1565 2801 sed
1591 2761 1906 2816 intellegamus

507 2839 708 2890 oportet,
747 2840 823 2877 aut
866 2836 990 2877 citari
1021 2836 1176 2890 libros,
1209 2850 1265 2877 ex
1299 2836 1460 2892 quibus
1494 2837 1763 2878 scholiastae
1796 2837 1905 2879 hau-
