2238 3418
885 301 1178 340 *2³9*

332 415 496 470 phoclis
516 415 742 457 dictionem
761 415 912 458 imitari
938 417 1066 459 valde
1090 417 1266 459 arduum
1295 424 1400 460 erat.
1419 443 1472 448 —
1493 420 1640 473 Itaque
1660 435 1742 462 ma-

330 492 467 533 ximus
495 504 694 544 numerus
723 492 985 546 Euripidis
1015 493 1298 548 exemplum
1322 501 1492 537 secutus
1517 501 1596 550 est,
1624 497 1741 538 cuius

329 567 532 622 populare
564 571 606 608 et
638 567 809 609 trivium
844 570 1151 611 sententiarum
1180 582 1327 624 genus,
1361 571 1552 625 vulgaris
1576 571 1741 614 dicendi

328 643 453 695 ratio,
485 642 605 685 leves
637 647 679 683 et
710 643 920 685 volubiles
956 644 1157 699 rhythmi,
1196 646 1402 689 materiae
1434 648 1618 689 varietas
1653 654 1738 688 tum

329 719 531 774 temporis
562 719 792 761 maximum
834 720 1067 762 adsensum
1098 722 1400 775 ingentemque
1433 722 1587 765 theatri
1625 724 1740 778 plau—

329 809 422 838 sum
453 795 640 837 tulerunt
672 795 913 848 multosque
945 802 1165 850 poetarum
1199 798 1429 840 admodum
1462 800 1738 854 pellexerunt.

326 872 363 913 A
394 871 547 925 quibus
581 877 726 913 noster
758 872 886 914 valde
918 873 1095 915 recedit.

442 949 644 988 Attamen
677 960 771 989 eum
808 948 922 990 haud
961 962 1055 991 raro
1089 950 1293 1005 Aeschyli
1334 952 1516 1005 vestigia
1550 958 1737 994 secutum

329 1035 427 1065 esse
468 1022 580 1064 infra
621 1024 917 1077 probabimus,
961 1025 1071 1077 quod
1105 1025 1354 1068 documento
1391 1028 1482 1081 erit,
1522 1041 1616 1069 eum
1655 1042 1739 1069 non

327 1103 415 1140 tam
455 1104 761 1153 spectatorum,
805 1113 930 1153 quam
968 1100 1169 1143 lectorum
1214 1103 1469 1144 eruditorum
1508 1104 1739 1146 adsensum

325 1175 408 1217 sibi
440 1189 594 1230 parare
630 1176 814 1229 studere,
853 1176 1030 1230 plusque
1064 1177 1245 1220 lectione
1279 1192 1403 1231 quam
1438 1180 1536 1221 vivo
1569 1180 1737 1233 ingenio

325 1251 568 1304 fabulisque
601 1252 813 1306 Euripidis
847 1252 888 1293 in
922 1252 1088 1294 theatro
1122 1254 1326 1307 spectatis
1350 1255 1487 1296 inniti.
1549 1255 1599 1296 Id
1628 1256 1738 1309 quod

326 1327 680 1381 Hartungi01)
725 1328 1012 1369 testimonium
1054 1342 1149 1371 esse
1198 1329 1445 1382 videbatur,
1497 1331 1738 1385 Euripidem

325 1403 521 1445 iuvenem
557 1404 608 1444 18
636 1417 851 1455 annorum,
886 1418 1133 1458 magnorum
1166 1406 1424 1459 tragicorum
1458 1407 1650 1460 exemplo
1682 1408 1740 1449 in—

327 1492 517 1533 censum,
539 1485 729 1521 nostram
756 1480 1021 1533 tragoediam
1040 1482 1375 1536 conscripsisse!
1401 1505 1454 1510 —-
1481 1482 1611 1538 Sane,
1641 1497 1735 1526 con-

327 1553 516 1597 cedimus
542 1569 636 1597 cum
661 1555 902 1598 Godofredo
921 1555 968 1611 2),
1003 1564 1163 1600 mutare
1187 1558 1348 1611 aliquid
1371 1563 1567 1613 aetatem,
1601 1574 1737 1614 neque

326 1635 468 1672 tamen
497 1632 650 1683 omnia,
687 1632 761 1673 sed
795 1645 893 1674 esse
917 1634 1045 1674 etiam
1077 1634 1189 1687 quod
1223 1635 1303 1676 sibi
1336 1640 1517 1689 constat,
1549 1650 1737 1678 manere-

326 1720 408 1760 que
451 1707 595 1760 aliqua
639 1708 792 1749 saltem
824 1708 1015 1750 eiusdem
1052 1710 1205 1763 ingenii
1251 1711 1450 1767 vestigia.
1481 1735 1539 1740 —-
1580 1713 1735 1754 Verum

324 1783 465 1825 nullus
497 1784 611 1825 inest
642 1784 839 1825 iuvenilis
873 1784 1012 1838 ardor,
1053 1786 1171 1827 nulla
1212 1787 1339 1830 elatio
1382 1788 1609 1842 orationis,
1652 1789 1734 1830 nisi

324 1858 432 1901 forte
457 1859 706 1913 languentia
728 1860 977 1913 infirmaque
996 1862 1167 1903 iuvenili
1193 1865 1320 1904 aetati
1350 1864 1596 1906 adscribere
1613 1865 1734 1906 velis.

324 1935 452 1977 Haud
478 1937 633 1989 exigua
660 1936 828 1989 quidem
863 1937 1082 1991 diligentia
1110 1940 1252 1980 omnia
1287 1945 1478 1994 exarata,
1512 1954 1618 1994 quae
1650 1955 1734 1983 non

324 2018 390 2054 est
423 2011 728 2055 adolescentuli
754 2013 929 2067 primum
963 2014 1018 2055 ad
1051 2015 1256 2068 tragicam
1279 2017 1443 2070 poesim
1468 2029 1563 2057 sese
1596 2016 1735 2058 adcin-

323 2088 478 2141 gentis.
510 2112 568 2117 —-
600 2089 723 2130 Certe
755 2089 795 2129 in
822 2089 995 2130 iuvenili
1024 2095 1150 2144 poeta
1178 2091 1277 2144 quid
1305 2092 1575 2134 verisimilius
1609 2106 1733 2145 quam

324 2177 419 2205 eum
455 2163 615 2217 aliquid
650 2165 807 2219 proprii
842 2165 1007 2207 ardoris
1037 2166 1079 2206 in
1104 2167 1331 2208 iuvenilem
1361 2167 1530 2210 fabulae
1564 2168 1733 2210 heroem

324 2239 571 2294 contulisse,
605 2253 729 2293 quem
763 2255 865 2295 prae
892 2242 1046 2283 ceteris
1076 2242 1282 2284 dramatis
1310 2244 1456 2296 figuris
1483 2244 1733 2298 temeritate,

322 2316 472 2370 vi'gore
511 2321 552 2358 et
593 2318 798 2359 orationis
837 2322 879 2359 et
920 2318 1100 2360 actionis
1133 2320 1345 2372 insignem
1384 2333 1482 2362 esse
1516 2321 1731 2362 voluerit?

321 2392 500 2434 Accedit
521 2392 645 2447 quod,
680 2395 750 2447 qui
774 2399 871 2435 sunt
898 2395 1019 2448 primi
1049 2395 1192 2450 Eurip.
1226 2408 1375 2437 versus
1406 2397 1460 2436 22
1490 2410 1542 2438 ex
1571 2396 1733 2438 Pelia-

322 2467 492 2510 darum
523 2468 672 2511 fabula
694 2469 749 2512 ad
772 2475 1009 2512 ceterarum
1031 2470 1155 2525 plane
1177 2471 1390 2525 Euripidis
1415 2471 1731 2524 tragoediarum

321 2558 512 2587 normam
542 2545 765 2599 compositi
798 2551 907 2588 sunt.

417 2730 443 2774 ¹)
469 2731 492 2766 l.
519 2730 542 2765 l.
568 2741 602 2775 p.
629 2731 662 2766 9.

417 2788 443 2832 ²)
467 2799 504 2834 p.
530 2789 610 2825 274.
