2238 3418
840 343 1128 384 —21-„

291 457 430 500 Rhesi
464 457 661 509 caedem,
695 462 845 499 tamen
869 457 914 498 in
941 457 1093 499 multis
1121 458 1232 500 haec
1260 460 1492 514 tragoedia
1508 458 1692 502 Homeri

290 534 490 576 deseruit
522 534 724 588 vestigia.
759 559 811 563 —-

408 611 541 664 Nam,
573 611 617 652 id
653 611 771 666 quod
808 612 1046 652 maximum
1081 618 1165 664 est,
1205 627 1412 654 scaenam
1444 614 1549 654 fecit
1583 614 1690 654 Tro-

289 688 493 730 ianorum
525 692 690 737 castra,
725 691 768 728 et
800 688 896 728 fere
931 688 1075 728 omnia
1114 703 1250 743 prope
1283 689 1421 729 Rhesi
1452 690 1692 730 tentorium

289 767 499 820 aguntur.
564 763 675 804 Cum
710 764 828 805 enim
858 765 1080 805 Homerus
1117 765 1334 806 Troianos
1377 765 1502 820 ignes
1536 767 1692 807 foven-

285 846 352 882 tes
379 839 668 894 Graecosque
710 853 765 880 ex
800 854 851 881 ea
876 855 922 882 re
950 842 1162 896 impetum
1189 843 1468 897 suspicantes
1496 844 1692 896 fecisset,

286 920 440 957 noster
478 929 573 957 rem
612 916 747 971 plane
786 917 988 970 invertit,
1034 918 1070 958 si
1104 918 1283 972 quidem
1319 919 1534 959 Troianos
1578 933 1690 960 som-

287 993 463 1034 niantes
496 992 541 1032 in
573 992 779 1033 tentoriis
813 993 956 1046 finxit,
998 994 1126 1048 ignes
1159 994 1203 1034 in
1239 993 1511 1035 Graecorum
1544 999 1692 1036 castra

287 1068 491 1110 contulit.
537 1093 589 1097 -—
630 1068 806 1110 Deinde
849 1083 961 1124 quae
1006 1070 1060 1111 ab
1096 1070 1293 1110 adventu
1325 1071 1515 1124 pastoris
1548 1084 1690 1125 usque

284 1146 341 1186 ad
375 1144 511 1186 Chori
545 1144 791 1185 discessum
825 1145 1037 1199 legimus,
1081 1159 1170 1186 non
1209 1146 1415 1187 tractavit
1454 1146 1690 1199 Homerus,

286 1222 405 1278 apud
440 1235 571 1277 quem
605 1234 661 1261 ex
696 1221 791 1262 sola
816 1221 1004 1262 Dolonis
1034 1221 1283 1276 proditione
1317 1221 1517 1262 Rhesum
1549 1236 1691 1277 nuper

284 1298 523 1339 advenisse
581 1297 887 1352 comperimus.
969 1297 1081 1337 Tum
1128 1297 1245 1352 apud
1295 1298 1467 1352 epicum
1515 1302 1690 1353 poetam

284 1373 482 1415 Graecos
512 1373 566 1414 de
594 1372 791 1414 adventu
815 1372 957 1414 Rhesi
983 1373 1098 1414 Dolo
1123 1374 1232 1414 fecit
1257 1374 1482 1414 certiores.
1524 1373 1691 1415 Noster

284 1451 454 1492 abitum
486 1450 673 1490 Dolonis
721 1454 825 1490 ante
864 1449 1002 1490 Rhesi
1043 1449 1286 1491 adventum
1323 1450 1487 1504 posuit.
1550 1450 1687 1491 Porro

283 1527 402 1582 apud
461 1527 707 1567 Homerum
756 1525 992 1567 Menelaus
1034 1526 1243 1567 convenit
1294 1525 1690 1581 Agamemnonem,

280 1604 355 1659 qui
395 1603 500 1644 inde
545 1603 673 1643 ambo
720 1602 828 1643 alios
872 1616 1024 1642 somno
1067 1602 1286 1643 excitatos
1333 1603 1575 1644 consulunt
1625 1607 1686 1644 at-

281 1693 366 1735 que
401 1680 721 1720 observatores
764 1678 937 1718 mittere
962 1678 1226 1719 decernunt.
1287 1677 1340 1718 In
1362 1677 1512 1719 Rheso
1536 1683 1690 1721 contra

277 1755 520 1796 Hectorem
555 1754 760 1795 excitant
795 1754 968 1809 vigiles.
1030 1753 1170 1808 Apud
1192 1754 1323 1794 Hom.
1359 1754 1520 1795 excisis
1548 1754 1689 1795 Thra-

279 1832 409 1873 cibus
443 1831 608 1886 Apollo
646 1830 862 1871 Troianos
899 1844 1053 1871 somno
1089 1830 1271 1882 excitat,
1304 1830 1499 1884 tragicus
1523 1830 1686 1872 Miner-

279 1922 380 1949 vam
414 1907 542 1948 finxit
579 1906 770 1948 Veneris
812 1906 958 1961 figura
993 1910 1187 1947 assumta
1219 1905 1533 1947 Alexandrum
1564 1920 1688 1948 men-

279 1984 414 2026 daciis
438 1984 688 2024 fallentem.
750 1982 958 2036 Denique
992 1996 1092 2023 cum
1113 1982 1157 2022 in
1180 1981 1376 2023 Dolonia
1397 1983 1481 2022 496
1505 1982 1685 2023 Rhesus

278 2061 403 2116 gravi
427 2060 596 2100 somnio
630 2058 851 2100 anhelans
876 2057 1141 2110 trucidetur,
1174 2062 1328 2099 noster
1353 2059 1552 2113 aurigam
1575 2072 1685 2098 som-

277 2138 473 2178 niantem
506 2135 626 2177 fecit.
662 2136 746 2176 780
770 2149 834 2190 sq.
869 2158 922 2163 —
961 2134 1231 2190 Priusquam
1264 2139 1412 2176 autem
1446 2133 1501 2175 ad
1534 2134 1684 2189 singu-

277 2214 420 2256 larum
453 2212 662 2254 dramatis
694 2225 988 2267 personarum
1012 2210 1347 2266 descriptiones,
1381 2210 1601 2266 quomodo
1628 2210 1684 2251 ab

279 2291 403 2346 epico
436 2289 666 2342 recedant,
698 2293 997 2341 transeamus,
1030 2288 1174 2341 nobis,
1210 2288 1322 2329 sicut
1352 2288 1398 2328 in
1427 2287 1686 2329 universum

279 2367 388 2423 quid
425 2366 664 2408 mutaverit
696 2366 969 2417 notavimus,
1008 2365 1069 2406 ita
1106 2364 1260 2417 etiam,
1298 2378 1413 2420 quae
1449 2364 1686 2405 imitatus

278 2445 332 2485 sit
354 2457 646 2499 apponamus.
711 2441 780 2482 Ne
813 2445 964 2482 tamen
998 2441 1125 2482 nimis
1158 2441 1339 2482 verbosi
1372 2441 1522 2492 simus,
1554 2439 1684 2480 modo

276 2520 400 2562 locos
432 2517 689 2560 afferamus.
756 2517 869 2559 Sunt
901 2522 1049 2558 autem
1080 2517 1148 2558 hi:

397 2595 548 2637 Oratio
590 2593 799 2635 Hectoris
841 2594 926 2635 Rh.
966 2595 1018 2635 57
1062 2607 1125 2648 sq.
1168 2592 1226 2633 cf.
1265 2591 1372 2632 Ilias
1411 2593 1456 2633 Qu
1496 2593 1578 2632 498
1622 2606 1684 2646 sq.

280 2672 404 2721 Quae
438 2671 543 2713 dicit
573 2670 754 2712 Aeneas
801 2671 882 2711 105
917 2685 980 2726 sq.
1027 2670 1082 2712 cf.
1118 2667 1370 2710 Alexandri
1407 2668 1546 2710 verba
1578 2666 1685 2708 Ilias

277 2765 312 2803 v,
345 2750 428 2790 726
462 2762 525 2803 sq.
566 2773 619 2778 —-
659 2762 773 2803 quae
813 2748 977 2804 tragici
1015 2747 1186 2788 Hector
1227 2745 1365 2786 habet
1410 2744 1491 2784 149
1533 2757 1590 2784 ex
1629 2742 1684 2783 Il.

275 2840 315 2868 κ.
348 2826 432 2867 305
467 2828 614 2866 sumta
648 2829 766 2866 sunt.
