2238 3418
833 303 1127 345 -57-

279 424 486 462 structura
517 421 648 461 verba
680 419 796 461 facit.
847 419 1002 461 Verum
1033 419 1137 461 nihil
1169 419 1280 473 quod
1312 419 1682 462 adolescentulum

277 496 470 538 redoleat
501 495 597 537 huic
630 495 811 536 dramati
843 496 987 537 inesse
1018 496 1101 537 iam
1135 509 1263 550 supra
1286 495 1684 537 demonstravimus.

398 609 572 649 Prorsus
606 621 759 649 novam
793 607 1030 661 opinionem
1061 605 1280 661 professus
1319 612 1385 648 est
1419 606 1529 648 Guil.
1563 606 1684 647 Din-

278 682 402 725 dorf.
423 681 452 737 ¹)
500 683 666 725 Etenim
692 684 1035 725 commemoratis
1064 683 1240 724 aliorum
1265 682 1483 724 sententiis
1497 682 1684 724 Rhesum

275 759 422 812 generi
453 758 514 799 illi
547 758 785 801 fabularum
818 759 963 800 tribuit
1008 771 1143 813 „quae
1185 757 1368 799 medium
1402 762 1595 800 tenerent
1626 759 1684 799 in-

274 839 337 875 ter
367 835 615 888 tragoediae
649 836 903 888 gravitatem
937 839 978 876 et
1011 834 1215 875 dramatis
1251 833 1423 888 satyrici
1467 834 1683 875 levitatem

275 910 539 964 trilogiisque
570 911 746 964 tragicis
788 925 862 965 pro
905 910 1096 952 dramate
1141 909 1326 964 satyrico
1369 909 1680 951 adicerenturfl

278 987 504 1042 „Satyrica
537 991 678 1028 autem
711 988 747 1028 si
779 986 868 1040 fuit7
902 991 989 1027 tum
1023 1000 1131 1038 quae
1161 985 1345 1038 alioquin
1373 985 1684 1039 reprehenden-

275 1063 331 1104 da
347 1062 514 1117 fuerint7
537 1076 647 1105 nune
670 1063 916 1105 excusanda
940 1063 1076 1116 potius
1102 1066 1143 1103 et
1165 1059 1423 1103 laudanda.“
1450 1084 1503 1089 —
1528 1061 1683 1102 Verum

275 1139 398 1181 huius
431 1139 598 1193 generis
641 1139 764 1181 modo
806 1152 933 1181 unum
974 1143 1169 1192 superest
1210 1136 1451 1191 exemplar,
1497 1136 1683 1179 Alcestis

274 1214 440 1268 fabula,
473 1227 597 1267 quam
633 1229 657 1255 a
688 1214 829 1257 Rheso
860 1216 902 1256 111
936 1215 1119 1256 materia
1156 1213 1459 1267 compositione
1503 1211 1685 1255 dictione

275 1291 472 1343 omnique
506 1295 597 1331 arte
629 1291 756 1332 valde
785 1291 1015 1332 abhorrere
1042 1303 1128 1331 non
1153 1295 1218 1331 est
1245 1302 1317 1330 cur
1340 1302 1604 1331 moneamus.
1630 1313 1683 1319 —-

277 1366 443 1408 Etenim
476 1366 662 1408 Rhesum
695 1367 861 1408 felicem
896 1366 1052 1409 exitum
1088 1366 1268 1417 habere,
1309 1378 1433 1406 nemo
1474 1365 1555 1406 sibi
1595 1378 1684 1419 per-

277 1441 492 1484 suadebit:
536 1442 730 1484 Orestem
764 1447 909 1484 contra
949 1446 989 1484 et
1022 1442 1151 1496 Soph.
1186 1441 1422 1493 Electram,
1470 1440 1568 1493 quia
1600 1455 1682 1483 non

273 1517 329 1568 εἰς
357 1516 482 1573 λύπην
512 1510 743 1560 τελευτῶσιν
779 1517 993 1573 (argum),
1029 1517 1177 1559 eodem
1212 1516 1423 1571 pertinere
1447 1516 1682 1568 voluerunt,

275 1599 318 1637 et
357 1595 590 1637 seeundum
623 1595 885 1637 Dindorfium
928 1594 1055 1635 etiam
1089 1592 1410 1635 Heraclidarum
1451 1591 1598 1634 fabula
1640 1592 1683 1633 in

274 1670 356 1713 hoc
389 1671 594 1712 dramatis
629 1685 785 1725 genere
819 1670 1021 1711 habenda
1068 1674 1207 1722 esset,
1256 1682 1383 1721 quam
1430 1668 1683 1723 opinionem,

275 1746 387 1800 quod
419 1746 612 1800 equidem
647 1748 793 1801 sciam,
827 1761 949 1788 nemo
990 1745 1129 1787 adhuc
1163 1744 1384 1798 amplexus
1433 1748 1511 1786 est.
1574 1742 1684 1798 (Nec

273 1823 433 1865 maiore
457 1836 553 1865 cum
575 1823 876 1878 probabilitate
900 1821 1250 1864 Schneidewinus
1269 1823 1298 1872 2)
1322 1820 1536 1874 Euripidis
1565 1819 1683 1862 Elec-

273 1903 383 1940 tram
433 1903 583 1952 quarto
630 1899 724 1941 loco
773 1904 911 1940 actam
961 1911 1058 1939 esse
1107 1897 1350 1951 suspicatus
1398 1894 1496 1950 est.)
1530 1922 1584 1926 —
1631 1897 1685 1938 Et

273 1974 531 2017 Welckeri
551 1974 720 2027 quidem
748 1974 987 2028 elegantem
1015 1974 1285 2028 lepidamque
1305 1972 1349 2012 in
1374 1971 1572 2027 tertia³)
1604 1976 1684 2014 tra-

273 2049 523 2103 goediarum
545 2064 796 2104 graecarum
820 2055 941 2104 parte
961 2050 1306 2092 dissertationem
1326 2048 1685 2090 commemorandi

272 2126 358 2167 iam
388 2125 553 2180 pridem
586 2127 756 2168 occasio
789 2125 879 2167 fuit.
942 2126 998 2168 Ut
1031 2126 1072 2167 in
1105 2130 1191 2167 toto
1225 2125 1351 2178 libro,
1386 2124 1447 2165 sic
1480 2123 1607 2165 etiam
1640 2125 1683 2166 in

272 2201 354 2243 hac
386 2202 635 2254 quaestione
658 2202 803 2254 multa,
828 2215 936 2255 quae
962 2216 1058 2244 esse
1081 2205 1274 2256 possunt,
1296 2213 1442 2242 verum
1464 2213 1683 2253 argumen-

273 2277 326 2318 tis
360 2277 602 2320 manifestis
634 2277 839 2320 illustrari
872 2282 1098 2331 nequeunt,
1131 2277 1327 2332 protulit3
1360 2276 1497 2317 multa
1530 2276 1685 2318 conicit

272 2352 325 2395 de
356 2353 521 2407 perdita
554 2353 768 2408 Euripidis
803 2354 968 2408 Rheso,
1003 2354 1055 2396 de
1087 2355 1174 2395 Atti
1212 2353 1496 2407 nyctegrcsia,
1531 2353 1683 2395 acriter

270 2442 350 2471 nec
380 2428 610 2471 infeliciter
640 2430 929 2471 Hermannum
963 2430 1196 2483 impugnat,
1238 2428 1435 2483 speciose
1477 2428 1682 2470 nonnulla

273 2504 431 2559 Gruppi
463 2504 632 2560 refutat,
667 2511 707 2547 et
740 2506 791 2548 de
825 2506 1029 2548 dramatis
1058 2505 1365 2559 compositione
1388 2518 1682 2559 personarum-

365 2677 392 2718 ¹)
416 2677 453 2712 in
478 2677 617 2713 adnott.
644 2678 814 2713 editionis
845 2679 959 2714 Oxon.
987 2689 1022 2722 p.
1051 2678 1122 2713 560
1148 2688 1203 2721 sq.

365 2736 391 2778 2)
416 2735 453 2770 111
479 2735 549 2770 fine
573 2735 814 2779 praefationis
840 2737 889 2772 ad
922 2737 1033 2781 Soph.
1060 2736 1245 2771 Electram
1270 2735 1357 2771 edit.
1384 2735 1614 2771 Weidmann.

364 2794 391 2837 ³)
415 2804 450 2837 p.
479 2795 723 2831 1101—1144.
