2238 3418
298 441 362 469 vs.
383 429 478 468 970.
511 421 745 481 ὑπάργυρος.
1008 442 1072 468 vs.
1095 429 1190 468 980.
1224 428 1465 479 παιδοποιός.

387 504 481 544 978.
514 500 684 556 ῥύσεται.
1090 505 1185 545 990.
1219 500 1348 554 arbog.

411 589 530 640 Quae
573 591 686 645 sola,
730 592 859 633 etiam
901 591 1124 634 deficiente
1167 594 1439 636 oeconomiae
1483 594 1704 649 omnisque

296 666 400 708 artis
425 666 675 709 diversitate
695 667 959 721 sufficereut,
982 669 1142 722 opinor,
1173 669 1226 710 ad
1250 669 1521 712 refutandum
1547 672 1705 726 Gruppi

298 747 596 789 commentum.

411 830 510 872 Jam
540 843 640 872 vero
672 826 784 881 ἅπαξ
814 828 1007 885 λεγόμενα
1039 833 1317 885 enotabimus,
1352 839 1392 875 ct
1426 834 1503 876 hac
1538 835 1705 888 quidem

295 906 473 958 ratione,
502 911 547 947 ut
575 919 683 959 quae
705 907 817 948 nude
840 921 1061 962 ponamus,
1091 922 1303 963 prorsus
1329 910 1412 951 sint
1431 907 1501 951 ἀπ.
1519 912 1579 963 λγ.
1599 924 1705 964 quae

297 996 395 1024 vero
427 982 602 1036 tragicis
648 983 731 1025 sint
769 977 841 1024 ἁπ.
882 985 944 1036 λγ.
984 985 1038 1026 iis
1072 978 1145 1025 ἀπ.
1180 999 1267 1038 τργ.
1305 984 1392 1040 (vel
1429 987 1562 1027 solum
1594 986 1704 1040 τργ.)

295 1058 546 1100 adnotemus
580 1063 622 1101 et
652 1058 904 1114 adiciamus,
939 1060 1053 1114 apud
1086 1074 1296 1114 quosnam
1330 1062 1436 1104 alios
1476 1064 1704 1117 scriptores

296 1133 504 1187 legantur.
537 1158 593 1163 —

415 1221 627 1263 Permulta
659 1223 750 1264 eius
776 1225 944 1276 generis
971 1224 1055 1265 iam
1084 1224 1223 1266 attulit
1250 1225 1479 1267 Hermann.
1499 1225 1528 1281 ¹)
1561 1240 1704 1268 verum

297 1297 468 1352 saepius
501 1299 784 1351 monebimus,
819 1313 912 1341 eum
946 1294 1018 1340 ἁτε.
1044 1314 1130 1353 τργ.
1154 1300 1412 1355 appellasse,
1445 1315 1553 1354 quae
1579 1316 1703 1356 pror-

294 1386 365 1413 sus
397 1386 479 1415 non
511 1374 791 1416 inveniantur.
826 1399 878 1404 ——
915 1376 1093 1417 Etiamsi
1126 1376 1423 1429 concedamus,
1466 1391 1548 1419 non
1589 1378 1706 1419 nulla

296 1449 445 1492 horum
477 1451 600 1492 nobis
634 1445 705 1491 ἁπ.
737 1452 798 1503 λγ.
835 1457 1097 1494 enotatorum
1130 1453 1174 1493 in
1203 1452 1358 1494 fabulis
1382 1453 1504 1494 nobis
1527 1453 1704 1507 perditis

295 1525 381 1579 legi
412 1528 617 1581 potuisse,
650 1532 791 1568 tamen
824 1532 967 1569 tantus
1001 1541 1213 1580 numerus,
1257 1533 1298 1569 et
1336 1528 1519 1582 undique
1560 1529 1707 1572 collec-

294 1606 429 1644 torum
462 1604 700 1655 verborum,
733 1608 777 1645 ut
809 1603 995 1657 profecto
1028 1605 1238 1646 miremur.
1273 1627 1330 1632 —

413 1709 477 1737 vs.
510 1696 550 1736 3.
582 1693 832 1751 τευχοφόρες.

481 1771 550 1811 33.
582 1770 802 1826 >emes-702.

482 1848 550 1888 64.
584 1845 703 1902 ῥύμη.
750 1843 822 1888 ἁπ.
869 1861 956 1902 τργ.
1005 1848 1218 1903 Aristoph.
1268 1848 1460 1905 Thucyd.
1508 1849 1703 1904 Xenoph.

692 1925 824 1968 Plato.
860 1925 1071 1968 Plutarch.
1105 1925 1191 1967 alii.

454 2000 550 2040 111.
582 1997 725 2049 νυκτὸς
755 1999 794 2041 ἐν
826 1998 1088 2042 καταστάσει.

454 2075 550 2116 134.
584 2073 822 2129 ταχυβάτας
882 2090 1092 2130 nusquam
1155 2077 1382 2118 invenitur.
1465 2076 1700 2119 Hermann.

683 2167 783 2194 vero
815 2153 858 2194 in
890 2147 962 2193 ἀπ.
995 2167 1082 2207 τργ.
1116 2154 1306 2196 inseruit.

453 2228 548 2268 177.
582 2225 831 2271 ἀποινάσῗαι
861 2223 933 2269 ἀπ.
966 2243 1053 2283 τργ.
1088 2229 1163 2271 sed
1188 2230 1373 2271 activum
1407 2229 1448 2270 in
1480 2229 1576 2282 lege
1599 2230 1704 2270 Dra-

684 2306 820 2347 contis
847 2305 961 2360 apud
985 2305 1204 2348 Demosth.
1236 2320 1277 2360 p.
1305 2305 1403 2357 629,
1422 2306 1490 2345 22.
1517 2305 1614 2356 630,
1633 2305 1700 2344 27.

684 2381 735 2423 cf.
768 2396 832 2423 vs.
865 2381 963 2421 466.

452 2456 548 2496 192.
589 2452 880 2510 εὕσπλαηνία.
936 2457 988 2498 de
1035 2470 1116 2510 quo
1163 2457 1275 2499 idem
1326 2462 1475 2499 contra
1529 2456 1700 2499 Godofr.

683 2532 906 2574 dicendum
940 2532 1051 2585 quod
1083 2533 1137 2574 ad
1171 2546 1233 2574 vs.
1271 2533 1367 2572 134.

450 2606 549 2646 205.
580 2605 795 2656 κλωπικός.
828 2602 899 2649 ἀπ.
937 2623 1024 2662 τργ.
1060 2608 1178 2650 Plato
1210 2610 1253 2650 in
1289 2608 1463 2663 Cratylo
1488 2607 1572 2650 408
1606 2608 1656 2649 A.

391 2792 416 2836 ¹)
444 2802 481 2836 p.
499 2792 567 2827 291
587 2801 642 2836 sq.
