2238 3418
537 460 625 501 cire
659 460 831 513 studet,
871 475 985 517 quae
1025 464 1298 515 temeritate,
1338 465 1510 505 consilii
1546 466 1697 520 inopia
1735 467 1808 507 vel
1848 481 1934 507 om-

538 536 642 577 nino
676 536 866 577 stultitia
899 538 1065 579 nocuit.
1099 565 1151 568 —
1184 539 1366 581 Aeneas
1410 541 1630 582 nonnulla
1673 541 1833 582 suadet
1872 542 1936 583 fa-

535 625 652 664 cere,
679 626 794 667 quae
823 613 1007 666 Hector,
1033 616 1233 669 paullum
1265 621 1306 656 et
1335 616 1502 657 frustra
1518 617 1780 669 reluctatus,
1807 632 1936 672 argu-

536 692 792 729 mentorum
812 690 1047 731 momentis
1066 691 1299 732 convictus
1318 692 1389 732 vel
1412 692 1558 746 potius
1583 693 1757 747 proprio
1775 694 1936 734 iudicio

536 764 671 818 plane
706 764 948 806 destitutus
983 780 1071 806 non
1104 770 1250 821 potest
1281 780 1369 807 non
1400 768 1606 821 probare.
1642 793 1694 797 -—

649 839 866 881 Rhesus
891 841 1080 882 iactator
1099 843 1321 897 egregius,
1347 856 1491 897 neque
1515 849 1664 884 tamen
1691 845 1752 885 ita
1775 845 1938 899 gloria·

536 919 635 967 tur,
678 919 726 955 ut
771 920 947 969 poetam
989 918 1174 958 consilio
1220 931 1317 959 eum
1360 919 1554 959 ludibrio
1597 933 1694 960 esse
1739 921 1938 961 voluisse

537 995 720 1045 propter
763 991 1020 1033 iactantiam
1054 993 1271 1047 dicamus,
1321 1008 1434 1049 quae
1484 996 1598 1035 enim
1644 995 1773 1048 dicit,
1825 997 1938 1037 serio

538 1066 657 1119 dicit,
692 1080 866 1122 semper
898 1067 1136 1110 abundans
1172 1070 1421 1111 excusandi
1459 1071 1632 1123 verbis,
1675 1072 1937 1126 gloriabun-

537 1144 620 1185 dus
653 1144 859 1198 profatur
894 1157 1008 1198 quae
1038 1149 1113 1185 aut
1140 1145 1330 1200 gesserit
1357 1151 1432 1188 aut
1455 1151 1603 1187 tamen
1635 1148 1688 1188 sit
1714 1152 1938 1201 gesturus.

533 1220 676 1261 Dolo
711 1220 886 1275 insigne
921 1220 1088 1261 sordidi
1124 1222 1417 1277 speculatoris
1452 1223 1701 1277 exemplar,
1736 1224 1811 1278 qui
1846 1224 1937 1264 diu-

535 1297 702 1337 tissime
737 1296 791 1336 de
826 1297 1034 1337 mercede
1069 1311 1168 1339 cum
1200 1298 1399 1339 Hectore
1433 1299 1643 1353 disputat.

652 1372 848 1413 Ulixes
875 1376 917 1413 et
943 1372 1221 1415 Diomedes
1250 1389 1274 1415 a
1306 1374 1583 1416 Graecorum
1606 1374 1792 1416 heroum
1815 1376 1941 1416 nobi-

532 1449 680 1501 litate,
719 1448 884 1489 virtute
920 1453 961 1489 et
995 1449 1265 1492 liberalitate
1299 1451 1433 1507 longe
1466 1451 1708 1504 recedunt,
1739 1452 1785 1492 id
1822 1452 1941 1507 quod

538 1525 779 1580 praecipue
796 1524 842 1565 in
860 1525 1153 1567 KVelckerum
1168 1527 1197 1580 ¹)
1214 1527 1487 1568 monendum
1506 1528 1588 1568 erit
1607 1528 1681 1582 qui
1698 1528 1780 1569 hos
1804 1528 1940 1569 Grae-

536 1615 686 1643 corum
718 1601 880 1642 heroes
915 1602 1209 1643 barbarorum
1233 1603 1444 1656 malitiae,
1474 1604 1683 1658 ignaviae
1711 1608 1752 1645 et
1772 1605 1939 1646 iactan-

534 1678 622 1719 tiae
658 1677 821 1732 opponi
842 1678 1083 1719 arbitratus
1104 1682 1184 1719 est.
1240 1678 1408 1726 Quodsi
1440 1685 1600 1734 poetae
1632 1680 1741 1721 talia
1772 1680 1817 1721 in
1851 1681 1940 1721 ani-

529 1767 598 1795 mo
645 1758 772 1795 erant
813 1758 1200 1808 exspectaremus,
1239 1760 1287 1796 ut
1326 1756 1466 1796 multo
1508 1757 1639 1797 altius
1676 1756 1941 1811 adsurgeret

534 1844 687 1872 eorum
727 1830 948 1883 sollertia,
999 1831 1220 1873 calliditas
1261 1832 1334 1873 vel
1373 1833 1550 1873 omnino
1595 1832 1750 1873 virtus.
1815 1832 1940 1880 Quae

537 1907 792 1962 perficiunt,
822 1920 912 1947 non
935 1907 1149 1962 ipsorum,
1168 1909 1247 1950 sed
1268 1909 1451 1950 deorum
1471 1909 1654 1949 consilio
1675 1909 1841 1950 factum
1862 1914 1940 1950 est.

649 1983 766 2030 Quid
786 1983 950 2024 deinde
979 1984 1174 2026 dicamus
1203 1985 1256 2026 de
1283 1985 1501 2040 aurigae
1524 1985 1645 2026 inani
1668 1985 1940 2041 loquacitate

531 2060 622 2116 qui,
657 2059 857 2116 quamvis
895 2060 950 2101 ad
970 2065 1156 2102 mortem
1181 2062 1465 2113 vulneratus,
1497 2061 1542 2101 in
1565 2060 1810 2102 Hectorem
1844 2062 1938 2102 diu-

529 2136 696 2178 tissime
718 2136 922 2190 increpat
955 2150 1148 2192 eumque
1175 2137 1377 2179 Rhesum
1400 2137 1683 2179 interfecisse
1713 2137 1937 2191 perhibet,

532 2212 748 2269 loquendi
784 2226 892 2254 vero
934 2212 1069 2254 finem
1111 2227 1253 2268 paene
1300 2215 1438 2255 nullis
1483 2213 1697 2254 machinis
1738 2213 1940 2254 invenire

528 2292 697 2345 potest3
732 2312 786 2318 —
822 2289 895 2344 qui
928 2289 1135 2330 Diomedi
1152 2289 1370 2345 Ulixique
1404 2295 1541 2331 noctu
1574 2294 1723 2330 castra
1755 2290 1939 2330 circum-

529 2365 840 2421 gredientibus
873 2365 1098 2407 adclamat
1130 2370 1320 2407 caveant
1352 2366 1451 2407 sibi.
1479 2390 1530 2395 —
1558 2365 1726 2407 Futilia
1758 2365 1940 2406 tandem

530 2446 572 2483 et
603 2442 757 2483 inania
775 2440 972 2483 Ohorum
1005 2441 1196 2483 fundere
1228 2443 1313 2483 iam
1346 2442 1519 2497 pridem
1546 2442 1834 2497 perspicuum
1857 2446 1938 2482 est.

526 2517 665 2559 Deest
699 2518 814 2559 enim
847 2518 987 2559 omnis
1022 2518 1156 2559 elatio
1197 2519 1431 2571 orationis,
1466 2532 1638 2573 semper
1678 2518 1833 2559 eadem
1873 2522 1939 2558 est

527 2594 769 2648 cantilena,
802 2608 917 2651 quae
937 2594 1095 2651 gravia
1114 2599 1191 2636 aut
1213 2594 1330 2635 Dolo
1365 2598 1442 2636 aut
1472 2594 1651 2635 Rhesus
1686 2594 1773 2635 sint
1806 2593 1936 2634 effec-

525 2671 634 2726 turi,
667 2671 826 2713 brevia
845 2675 951 2713 sunt
973 2671 1185 2724 carmina,
1203 2671 1438 2726 languent,
1454 2674 1606 2712 carent
1629 2670 1746 2712 omni
1768 2670 1937 2726 vigore,

622 2834 646 2880 ¹)
673 2846 725 2879 gr.
750 2834 916 2880 tragoed.
945 2835 1016 2880 ΙΙΙ,
1045 2834 1136 2870 1131
1166 2844 1222 2878 sq.
