2238 3418
715 459 853 501 Vides
876 464 1024 501 autem
1053 460 1135 501 hos
1160 473 1311 502 omnes
1335 460 1474 502 multo
1500 461 1678 502 serioris
1704 461 1863 502 aetatis
1887 475 2005 516 esse3

599 550 654 577 ne
686 537 821 591 igitur
854 537 1101 591 gravissimi
1134 536 1343 577 momenti
1393 550 1467 577 eos
1510 537 1739 577 faciamus.
1786 562 1839 566 —
1879 537 2004 578 Haec

599 616 747 653 autem
775 612 920 652 onmia
950 612 1023 665 qui
1055 612 1306 652 accuratius
1336 625 1489 652 secum
1512 613 1739 666 cogitabit,
1766 613 2006 668 intellegat

604 703 788 730 necesse
830 693 916 740 est,
966 692 1153 729 externa
1200 701 1313 743 quae
1360 687 1570 729 dicuntur
1613 689 1867 729 testimonia
1914 703 2003 729 non

598 765 730 806 valde
783 764 1008 820 pertinere
1055 763 1112 804 ad
1151 767 1347 804 nostram
1396 763 1705 819 quaestionem
1757 764 2002 806 diiudican-

597 841 710 893 dam,
742 841 822 882 sed
854 841 1006 893 maior,
1038 854 1182 895 spero,
1215 840 1296 880 lux
1330 852 1386 880 ex
1417 839 1644 880 internis
1671 842 2002 895 argumentis

596 917 846 973 affulgebit,
877 918 903 957 i.
925 931 961 958 6.
981 930 1038 958 ex
1062 917 1243 958 fabulae
1269 916 1542 968 oeconomia,
1574 929 1868 970 personarum
1903 917 2000 958 des-

596 993 829 1048 criptione,
863 993 1055 1034 dictione
1090 997 1171 1033 ete.

711 1068 769 1109 Et
801 1069 958 1110 fabula
990 1069 1168 1124 quidem
1198 1067 1252 1109 de
1282 1067 1419 1109 caede
1444 1067 1585 1108 Rhesi
1612 1067 1801 1122 primum
1827 1068 1999 1110 inveni-

595 1149 668 1185 tur
698 1145 743 1185 in
778 1144 931 1186 Iliadis
966 1145 1082 1186 libro
1116 1143 1159 1184 X
1193 1159 1217 1185 a
1248 1143 1482 1185 Pisistrato
1518 1143 1696 1185 demum
1729 1143 1862 1185 Iliadi
1894 1158 2001 1186 con-

593 1225 729 1262 serto.
763 1221 903 1261 schol.
937 1221 992 1262 ad
1025 1220 1078 1261 Il.
1109 1217 1160 1261 κ’,
1198 1221 1234 1260 1.
1268 1219 1477 1261 Eustath.
1510 1234 1551 1274 p.
1588 1221 1687 1272 785,
1719 1221 1789 1260 41.

710 1296 934 1338 Pindarus
959 1310 1137 1352 quoque
1157 1297 1211 1337 de
1230 1296 1382 1337 Rheso
1402 1296 1617 1337 cecinisse
1640 1296 1847 1349 traditur,
1880 1310 2000 1337 eum-

595 1385 681 1428 que
712 1376 975 1413 narraverat
1007 1387 1145 1413 unum
1170 1372 1286 1413 diem
1310 1386 1410 1413 cum
1430 1371 1614 1413 Graecis
1637 1371 1880 1427 pugnando
1903 1376 1999 1413 tan-

594 1455 682 1490 tam
715 1453 911 1503 stragem
945 1449 1154 1502 edidisse,
1187 1453 1237 1489 ut
1269 1448 1407 1501 Juno,
1446 1462 1619 1489 summa
1649 1452 1872 1501 metuens,
1903 1449 2000 1489 mit-

592 1529 707 1566 teret
735 1525 997 1577 Minervam,
1031 1538 1144 1580 quae
1168 1524 1431 1565 Diomedem
1465 1528 1508 1565 et
1533 1524 1716 1565 Ulixem
1742 1524 1797 1566 ad
1821 1528 1998 1565 noctur-

596 1615 697 1642 nam
730 1601 913 1642 caedem
946 1601 1177 1643 excitaret.
1211 1626 1263 1631 —
1297 1600 1472 1642 Deinde
1515 1600 1634 1655 apud
1665 1599 1912 1652 Romanos,
1952 1605 2001 1641 ut

595 1677 681 1718 iam
721 1677 934 1731 diximus,
981 1677 1146 1719 Accius
1185 1678 1231 1718 in
1273 1677 1571 1733 Nyctegresia
1613 1678 1730 1719 hane
1769 1678 2000 1719 materiam

594 1754 815 1795 tractavit.
857 1754 1134 1795 Posteriores
1168 1767 1274 1795 vero
1310 1754 1421 1808 epici
1451 1758 1494 1794 et
1520 1754 1647 1809 lyrici
1670 1754 1716 1794 in
1739 1758 2001 1795 transcursu

597 1843 696 1870 eum
728 1834 975 1871 memorant
1006 1829 1237 1885 Vergilius
1274 1829 1480 1883 Ovidius,
1521 1830 1616 1883 alii,
1657 1844 1769 1886 quos
1804 1829 2001 1884 conlegit

595 1906 733 1948 Vater
766 1907 953 1948 vindice.
987 1921 1027 1962 p.
1060 1905 1206 1947 XXX.
1269 1906 1383 1948 Sunt
1417 1911 1565 1948 autem
1596 1907 1641 1947 in
1687 1907 1820 1948 variis
1862 1906 1998 1947 tradi-

596 1983 791 2024 tionibus
829 1996 942 2038 quae
976 1983 1257 2035 differant,
1289 1982 1351 2025 ita
1381 1987 1510 2038 pater
1542 1982 1682 2024 Rhesi
1714 1982 1770 2023 ab
1804 1982 2000 2023 Homero

596 2060 783 2101 traditur
815 2060 1026 2101 Eioneus.
1090 2060 1144 2100 11.
1178 2057 1228 2101 κ’.
1280 2061 1375 2101 135.
1424 2064 1582 2100 contra
1628 2063 1779 2101 nostro
1823 2058 1996 2099 auctori

596 2136 782 2192 aliisque
807 2136 983 2192 Strymo
1004 2142 1205 2178 vocatur.
1237 2136 1384 2178 Mater
1398 2136 1537 2177 Rhesi
1557 2149 1703 2190 neque
1721 2136 1776 2177 ab
1796 2136 1995 2177 Homero

596 2213 866 2266 nominatur,
900 2227 1046 2268 neque
1072 2213 1190 2268 apud
1212 2217 1412 2254 nostrum
1435 2226 1598 2253 nomen
1624 2213 1805 2267 legitur,
1831 2213 1904 2268 qui
1929 2227 1997 2254 so-

595 2289 684 2329 lum
705 2288 829 2342 dixit,
859 2303 955 2330 eam
974 2303 1030 2331 ex
1046 2289 1279 2331 Musarum
1296 2302 1486 2330 numero
1506 2289 1662 2330 fuisse.
1683 2314 1735 2319 ——
1756 2288 1856 2336 Qua
1876 2289 1930 2330 de
1949 2302 1997 2330 re

596 2364 691 2404 sine
725 2364 874 2405 fructu
908 2366 1051 2406 multa
1083 2366 1313 2422 disputant
1343 2366 1616 2408 scholiastae
1648 2370 1691 2406 et
1715 2366 1998 2420 interpretes.

712 2439 884 2487 Quibus
919 2441 1055 2482 rebus
1088 2442 1258 2483 omissis
1298 2442 1355 2482 ad
1385 2443 1526 2497 ipsam
1565 2443 1808 2484 fabulam
1843 2456 1996 2497 expo-

595 2529 694 2557 11611
710 2516 819 2557 dam
853 2516 1136 2570 accedamus,
1170 2521 1213 2558 et
1235 2517 1424 2573 primum
1459 2518 1640 2574 quidem
1669 2519 1716 2559 in
1739 2518 1998 2560 universum

596 2608 689 2635 eam
715 2594 1036 2636 enarrabimus.
1077 2593 1267 2649 Campus
1303 2599 1368 2636 est
1389 2594 1627 2648 Troianus,
1659 2598 1834 2649 tempus
1866 2592 1997 2634 tertia

595 2671 763 2723 vigilia.

710 2745 844 2786 Initio
877 2747 1086 2789 dramatis
1117 2747 1275 2802 vigiles
1314 2746 1557 2787 Hectorem
1586 2759 1739 2787 somno
1785 2745 1998 2797 excitant,

596 2826 689 2862 tota
722 2827 852 2863 nocte
890 2823 935 2863 in
981 2824 1134 2865 castris
1170 2822 1445 2864 Graecorum
1485 2823 1613 2878 ignes
1653 2836 1701 2864 se
1740 2822 1997 2877 conspicere
