2238 3418
839 288 1129 328 —51—

446 403 571 444 1438.
605 400 770 458 φύσημα
801 403 886 446 alio
920 418 1048 446 sensu
1085 405 1131 448 R.
1164 404 1262 448 440.

449 478 573 521 1474.
606 476 809 528 συλῶντες.
842 481 889 522 R.
924 481 1024 522 517.

448 553 571 595 1538.
605 551 716 596 ἰαύω.
750 556 796 597 R.
832 556 927 598 740.

448 630 573 671 1660.
606 629 781 679 Meno-‘zie
798 629 916 673 ‘cr'vsse
933 628 964 672 κ’
986 630 1041 681 εἰς
1063 633 1206 687 δόμους
1227 630 1426 687 κομίζετε.
1459 632 1510 675 cf.
1529 633 1576 675 R.
1596 633 1692 674 877.

866 720 1118 771 Fragmenta.

446 794 541 835 196.
575 793 797 850 (Antiop.).
830 790 876 837 τὸ
909 793 1094 850 πάμπαν.
1127 798 1173 838 R.
1208 797 1305 838 855.

445 870 542 912 255.
581 871 871 924 (Archelaus).
904 867 1054 921 ἁπλοῦς
1085 867 1103 914 ὃ
1136 869 1277 926 μῦἳῑος.
1310 874 1358 914 R.
1379 873 1447 915 84.
1476 872 1576 914 Pho.
1594 872 1693 913 469.

443 945 541 987 406.
576 943 721 1001 (Ino).
754 946 928 990 κίνδυνον
960 948 1086 1003 μέγαν
1120 946 1340 1003 ῥίπτοντες.
1372 949 1420 990 R.
1455 948 1551 990 154.

442 1021 541 1064 415.
576 1022 721 1077 (Ino).
750 1020 895 1066 Ἰδαῖον
926 1025 1063 1074 λέπας.
1097 1026 1145 1067 R.
1180 1025 1277 1067 287.

444 1098 543 1140 450.
577 1099 743 1155 fflipp.)
777 1099 923 1150 δίοπος.
957 1103 1004 1143 R.
1041 1102 1142 1143 741.

443 1174 541 1216 475.
578 1174 785 1232 (Kretes).
819 1175 1045 1231 αὐίτιγενῆς.
1077 1179 1124 1220 R.
1159 1177 1257 1219 895.

445 1249 542 1293 677.
577 1249 744 1306 (Sciron
779 1253 1009 1308 satyricus)
1044 1251 1239 1307 χαμεύνη.
1273 1254 1320 1294 R.
1354 1254 1393 1295 9.

446 1327 543 1368 709.
581 1326 850 1384 (Telephus).
877 1324 1117 1378 Ὀδυσσεὺς.
1141 1363 1150 1372 .
1170 1364 1178 1373 .
1198 1326 1373 1384 αἱμύλος.
1405 1331 1454 1372 R.
1485 1329 1584 1372 489.

445 1403 541 1445 757.
579 1403 871 1460 (Hypsipyle).
904 1403 976 1460 ἔφυ
1008 1405 1079 1459 μέν
1111 1403 1234 1454 οὐδεὶς
1261 1400 1372 1454 ὅστις
1408 1421 1450 1448 ου
1479 1408 1588 1447 πονεῖ
1610 1407 1695 1460 βρο-

675 1478 768 1532 τῶν,
798 1477 953 1524 ῗῑοίπτει
983 1496 1029 1523 τε
1059 1482 1196 1525 τέκνα.
1229 1483 1280 1525 cf.
1312 1483 1361 1526 R.
1395 1483 1493 1525 980.

444 1556 539 1599 775.
574 1556 795 1611 (Phaeth.)
830 1571 891 1599 vs.
928 1560 979 1599 22
1014 1572 1076 1611 sq.
1110 1558 1161 1600 cf.
1184 1558 1260 1601 Rh.
1296 1559 1379 1600 547
1415 1573 1479 1612 sq.

445 1633 540 1676 779.
577 1630 808 1689 (Phaeth.).
840 1630 947 1675 ἑπτὰ
976 1631 1180 1683 Πλειάδες.
1211 1636 1259 1677 R.
1293 1635 1393 1676 530.

401 1887 527 1929 Nunc
561 1886 728 1929 demum
761 1887 939 1942 prolatis
972 1887 1166 1930 omnibus
1200 1901 1309 1941 quae
1343 1887 1394 1930 de
1427 1888 1690 1940 oeconomia,

286 1963 340 2006 de
373 1963 560 2006 dictione
593 1963 645 2006 de
676 1964 821 2006 metris
844 1963 1025 2005 dicenda
1048 1969 1181 2018 erant,
1213 1964 1449 2018 videamus,
1484 1977 1693 2017 quaenam

286 2040 531 2082 censuerint
561 2039 641 2082 viri
673 2040 785 2082 docti
816 2040 936 2082 initio
970 2040 1090 2082 cititi.
1123 2063 1180 2068 —

342 2123 345 2124 ’
403 2117 457 2157 Et
488 2116 578 2158 Jos.
612 2115 782 2169 quidem
815 2115 1009 2169 Scaliger
1023 2115 1052 2170 1)
1091 2114 1137 2170 (l.
1167 2129 1295 2170 supra
1320 2114 1368 2170 l.)
1402 2115 1510 2157 haec
1542 2115 1692 2157 habet:

288 2197 463 2247 „auctor
494 2192 626 2234 Rhesi
662 2191 912 2246 tragoediae
944 2193 1286 2245 vetustissimus,
1327 2191 1396 2245 qui
1431 2192 1522 2233 sine
1565 2192 1693 2234 dubio

284 2282 368 2312 non
402 2274 468 2311 est
485 2268 725 2323 Euripides.
788 2267 956 2310 Deinde
989 2269 1145 2322 pergit:
1180 2273 1325 2310 auctor
1357 2269 1448 2310 sive
1471 2268 1507 2309 is
1533 2267 1692 2323 Sopho-

286 2346 388 2400 cles,
423 2345 514 2387 sive
547 2343 668 2386 alius.
701 2368 758 2374 -
791 2343 927 2394 Quam
960 2344 1039 2386 viri
1061 2344 1298 2387 doctissimi
1322 2344 1575 2386 sententiam
1603 2357 1693 2398 pro-

285 2422 404 2464 bavit
426 2422 534 2463 Dan.
558 2421 762 2463 Heinsius
795 2421 838 2462 in
869 2420 1086 2462 animadv.
1120 2419 1175 2461 ad
1208 2421 1397 2463 Senecae
1429 2419 1690 2474 tragoedias.

405 2498 571 2540 Novam
602 2496 773 2551 protulit
803 2498 1088 2539 coniecturam
1123 2497 1236 2539 Sam.
1261 2496 1420 2537 Petitus
1435 2494 1465 2550 2)
1500 2496 1569 2549 qui
1602 2509 1692 2537 cum

289 2573 537 2616 oeconomia
581 2572 756 2615 fabulae
816 2577 858 2614 et
911 2573 996 2615 stili
1041 2569 1253 2626 χαρακτήρ
1301 2585 1324 2612 a
1371 2571 1606 2626 Sophocleo
1654 2576 1695 2613 et

383 2719 408 2762 ¹)
432 2718 631 2764 prolegom.
657 2717 704 2752 ad
728 2717 914 2753 Maxilium
939 2728 974 2762 p.
1003 2718 1055 2753 VI
1083 2728 1136 2762 sq.

383 2777 411 2822 ²)
436 2777 639 2813 miscellan.
664 2776 735 2822 111,
763 2776 888 2813 XXII.
