2238 3418
890 316 1180 357 *37-

451 431 606 472 Verum
638 435 683 472 ut
715 431 952 472 accuratius
987 432 1282 486 perspiciatur,
1315 446 1522 486 quaenam
1546 435 1586 476 in
1610 435 1736 488 tragi-

330 507 391 550 cis
426 507 480 548 sit
526 506 744 559 imitatus,
792 506 973 548 indicem
1014 508 1230 562 composui
1284 508 1523 551 fabularum
1578 510 1733 552 Aesch.

330 582 463 639 Soph.
505 581 718 636 Euripidis
762 595 856 623 cum
898 582 1171 637 fragmentis,
1210 584 1352 637 ibique
1394 586 1535 627 omnia
1576 586 1733 640 notavi,

329 674 439 715 quae
472 659 514 700 in
545 658 687 701 Rheso
721 658 911 713 redeunt,
961 659 1110 701 eadem
1142 662 1305 702 rariora
1337 662 1468 703 verba
1500 666 1733 703 structuras

329 736 666 788 sententiasque.
701 758 755 763 —
791 734 876 777 Sed
917 735 1167 788 tenendum,
1222 738 1450 778 maximam
1496 742 1734 780 notatorum

326 813 515 854 locorum
555 815 717 864 partem
750 812 792 852 in
826 811 1027 853 trimetris
1060 812 1254 865 inveniri,
1288 813 1328 854 in
1362 813 1477 856 chori
1510 827 1611 856 vero
1644 828 1733 856 car-

327 888 524 940 minibus,
560 888 603 928 in
634 887 779 941 primis
798 886 1013 941 Euripidis
1046 892 1158 929 totas
1191 887 1278 930 fere
1312 889 1486 943 paginas
1521 902 1616 931 esse
1641 890 1731 931 sine

328 964 413 1007 ullo
458 963 652 1017 exemplo
697 963 945 1018 (praecipue
978 963 1114 1005 Orest.
1148 964 1304 1006 Bacch.
1343 965 1437 1006 Jon.
1477 965 1730 1007 Andromed.

325 1041 417 1095 Iph.
446 1045 474 1083 t.
493 1038 662 1093 Eleon).
693 1045 734 1082 et
763 1039 1168 1081 Phoenissarum
1194 1040 1363 1093 quidem
1386 1041 1605 1083 materiam
1632 1041 1732 1084 belli

330 1117 591 1170 rumoribus,
635 1129 847 1158 armorum
887 1120 926 1157 et
965 1129 1135 1170 pugnae
1180 1116 1540 1171 descriptionibus
1583 1118 1734 1159 redun-

326 1193 498 1235 dantem
542 1205 666 1245 quam
719 1192 901 1233 maxime
941 1189 1086 1234 nostro
1136 1192 1343 1234 adrisisse
1387 1193 1613 1248 praecipue
1656 1194 1734 1235 erit

324 1267 592 1311 monendum.
661 1268 847 1309 Maxima
883 1281 1057 1322 prorsus
1102 1268 1331 1309 similitudo
1370 1268 1594 1310 intercedit
1639 1282 1732 1310 cum

326 1344 388 1386 eis
431 1343 610 1398 fabulis,
660 1357 769 1397 quae
816 1343 953 1386 simile
1001 1348 1187 1385 tractant
1225 1348 1529 1398 argumentum.
1604 1345 1732 1386 Plura

324 1420 452 1474 igitur
483 1434 535 1462 ex
552 1420 713 1462 Aiace
733 1419 1020 1475 Aeschylique
1040 1425 1201 1473 septem
1222 1434 1348 1473 quam
1367 1434 1418 1462 ex
1429 1421 1731 1463 Eumenidibus

324 1502 366 1537 et
391 1496 628 1539 Philocteta
657 1510 751 1538 eum
784 1496 1001 1538 delibasse
1034 1495 1166 1538 lector
1199 1497 1342 1538 statim
1376 1497 1467 1551 ipse
1499 1496 1729 1551 intelleget.

413 1619 630 1672 Aeschylus
663 1619 729 1661 ed.
765 1620 813 1661 G.
849 1618 1040 1661 Dindorf.
1075 1618 1212 1674 (Lips.
1252 1620 1374 1662 1857.
1410 1618 1641 1671 Teubner).

890 1742 1160 1785 Prometheus.

479 1831 578 1873 573.
611 1828 817 1884 παράλιος.
850 1830 977 1872 Rhes.
1011 1831 1107 1872 700.

478 1907 575 1949 (528.
608 1903 761 1960 ἳῖράξαι
791 1906 947 1961 φρένας.
980 1906 1056 1949 Rh.
1091 1907 1188 1949 863.

481 1984 577 2025 816.
610 1980 854 2036 δυσεύρετος.
886 1983 934 2023 R.
968 1984 1065 2024 212.

475 2059 572 2102 936.
602 2055 859 2113 Ἀδράστεια.
893 2061 940 2102 R.
976 2061 1076 2102 34²2.
1108 2059 1207 2100 468.

827 2172 851 2214 7
886 2172 1029 2214 contra
1061 2170 1226 2215 Thebas.

506 2261 573 2302 29.
611 2260 958 2314 vuxmyopeto‘im.
991 2261 1037 2302 R.
1073 2261 1141 2301 89.

504 2337 573 2379 41.
608 2334 834 2391 κατόπτης.
869 2338 915 2379 R.
953 2338 1047 2379 134.
1085 2336 1180 2378 155.
1215 2335 1310 2376 369,
1345 2336 1444 2377 558.

502 2413 570 2455 45.
605 2411 860 2468 φιλαίματος.
893 2414 940 2455 R.
976 2414 1074 2454 932.

503 2490 570 2531 80.
607 2488 664 2543 ρἐῖ
693 2489 805 2537 λείως.
838 2491 886 2532 R.
921 2491 1025 2532 ⁴290:
1060 2489 1158 2544 ῥέων
1189 2485 1373 2542 στρατός.

478 2565 572 2607 149.
607 2564 849 2620 (fortasse)
882 2562 1118 2615 εὐπυκάζου.
1166 2566 1213 2606 R.
1247 2565 1302 2605 90
1336 2563 1350 2617 (
1365 2565 1434 2606 ubi
1479 2561 1645 2604 Godofr.
1685 2565 1727 2602 et

709 2643 754 2684 G.
782 2641 904 2685 Dind.
938 2639 1187 2693 εὐτυκάζου.)

484 2720 579 2761 154.
612 2718 740 2772 χνόαι.
773 2720 819 2760 R.
857 2720 951 2761 118.

475 2796 572 2838 369.
604 2792 816 2849 κατόπτης
846 2795 930 2838 vid.
964 2796 1032 2837 41.
