2238 3418
853 358 1140 397 —11„.

299 483 420 525 riunt
453 484 529 522 aut
562 492 619 520 ex
652 473 977 519 commentariis
1011 472 1068 513 ad
1093 471 1339 512 Homerum
1372 469 1445 510 vel
1479 468 1534 510 ad
1566 466 1701 521 tragi-

299 574 374 602 cos
408 559 525 600 haec
553 555 627 597 vel
660 554 738 595 illa
772 551 970 594 delibata
1003 561 1114 590 esse.
1149 572 1202 576 -—

396 634 672 689 Magnopere
695 631 831 686 igitur
855 631 1006 669 errant
1023 625 1218 666 Vaterus
1238 622 1269 679 ¹)
1297 626 1339 663 et
1355 620 1657 675 Har-tungius,
1672 618 1702 671 2)

303 713 376 768 qui
410 711 500 752 hoc
532 708 654 750 haud
688 707 900 760 exiguum
934 702 1157 758 genuinae
1191 699 1374 741 fabulae
1407 695 1708 738 testimonium

298 788 557 845 perhibent,
591 784 713 841 quod
745 780 1054 831 Aristarchus,
1096 775 1414 818 Parmeniscus
1449 773 1612 827 aliique
1642 772 1708 812 in-

302 866 450 920 signes
491 861 574 904 viri
616 874 713 902 eam
747 857 964 913 singulari
1010 851 1324 896 commentario
1368 848 1711 891 illustraverint.

304 967 356 971 —
390 939 582 981 Veteres
614 937 749 991 igitur
782 931 1058 990 grammatici
1089 931 1134 971 in
1155 927 1337 970 scholiis
1373 926 1492 967 citati
1520 938 1626 965 num
1658 924 1712 964 de

303 1016 521 1072 Euripide
566 1013 777 1056 dramatis
828 1015 1009 1052 auctore
1055 1006 1324 1057 dubitarint,
1364 1004 1581 1044 disertum
1623 1014 1713 1041 non

308 1098 459 1136 exstat
500 1091 728 1134 indicium.
792 1088 1007 1129 Attamen
1049 1082 1266 1139 suspicari
1308 1081 1432 1131 licet,
1470 1077 1715 1118 nonnullos

307 1185 461 1213 eorum
493 1169 567 1210 vel
598 1169 642 1209 in
676 1167 761 1207 hoc
795 1164 869 1206 vel
894 1164 940 1204 in
967 1162 1046 1203 illo
1070 1158 1323 1216 paullulum
1348 1154 1606 1206 offendisse,
1638 1166 1716 1194 ne-

307 1261 394 1304 que
418 1251 567 1288 tamen
595 1244 700 1285 satis
726 1241 880 1297 gravia
906 1253 956 1280 ea
974 1237 1204 1288 habuisse,
1232 1247 1346 1290 quae
1372 1230 1717 1273 didascaliarum

311 1324 622 1367 auctoritatem
654 1319 919 1360 refutarent.
956 1340 1008 1344 -—

428 1401 542 1442 Sunt
576 1402 721 1440 autem
755 1395 848 1435 fere
881 1393 1013 1433 haec:
1065 1389 1120 1431 ad
1153 1404 1218 1429 vs.
1252 1388 1320 1428 41.
1366 1383 1412 1427 το
1460 1387 1497 1427 Χ
1548 1379 1610 1425 ὅτι
1648 1379 1721 1424 οὐκ

307 1476 412 1521 ἔστιν
442 1474 654 1531 Εὐριπίδου
687 1470 706 1515 ὃ
739 1470 887 1524 στίχος.
921 1467 1042 1525 quod
1074 1480 1180 1507 num
1215 1465 1269 1506 ab
1294 1461 1558 1504 Aristarcho
1585 1459 1719 1514 origi-

309 1569 412 1597 nem
446 1553 579 1594 ducat
611 1561 770 1600 necne,
804 1546 1049 1588 decernere
1083 1556 1174 1583 non
1209 1540 1413 1582 audeam.
1456 1563 1497 1567 —

429 1630 528 1671 210.
563 1625 765 1669 ἀπίῖΐανον
798 1619 1096 1677 ’τετραποδίζείν
1129 1613 1250 1659 αὐτὸν
1283 1612 1336 1665 ὦς
1366 1613 1460 1662 τοὺς
1491 1612 1669 1661 λύκους·

432 1707 529 1748 248.
561 1704 759 1758 κέχρηται
789 1698 831 1742 δὲ
848 1729 994 1740 ......
1026 1693 1246 1749 Εὐριπίδης
1275 1694 1328 1747 τῆ
1379 1689 1579 1746 παροιμίᾳ
1617 1686 1729 1743 παρὰ

320 1779 414 1834 τοὺς
442 1780 615 1838 χρόνους.
650 1804 702 1809 —

436 1862 533 1901 498.
571 1857 746 1912 (κλέψας
777 1850 1000 1907 ἀγάλματα
1032 1850 1138 1903 κτλ.)
1171 1845 1282 1902 παρὰ
1313 1841 1405 1894 τοὺς
1435 1843 1609 1900 χρόνους.

437 1937 536 1978 519.
556 1930 748 1989 προταίνί.
769 1955 821 1960 ——
845 1926 1127 1983 Παρμενίσκος
1143 1923 1218 1980 τὴν
1251 1919 1480 1978 προταινὶ
1511 1917 1614 1969 λέξιν
1629 1922 1732 1961 Bou.)

319 2012 436 2069 τίκὴν
470 2027 569 2069 φησι.
599 2007 671 2051 καὶ
702 2004 783 2063 μετ’
822 2001 1008 2059 οὐδεμιᾶς
1038 2001 1219 2050 πίστεως.
1255 2025 1306 2030 -

438 2089 565 2130 Haeo
600 2085 684 2127 nisi
717 2084 852 2126 fallor
884 2081 980 2122 fere
1015 2079 1160 2121 omnia
1190 2081 1306 2118 sunt.
1370 2073 1504 2116 Unde
1536 2075 1736 2128 apparet,

323 2171 519 2223 aperte
551 2166 687 2220 δρᾶμα
719 2175 809 2202 non
840 2172 937 2201 esse
963 2156 1259 2212 Euripideum
1287 2152 1510 2194 neminem
1534 2153 1736 2191 veterum

325 2243 554 2287 censuisse
586 2241 670 2282 nisi
700 2238 803 2279 illos
837 2235 971 2284 ἐνίους.
1005 2259 1058 2263 —-

443 2319 594 2361 Aliter
615 2330 723 2358 vero
750 2314 893 2356 visum
925 2317 991 2353 est
1017 2307 1280 2352 Godofredo
1306 2306 1581 2356 Hermanno,
1609 2315 1739 2357 quem

325 2399 372 2440 in
405 2411 485 2439 sua
519 2395 574 2436 de
602 2393 753 2435 Rheso
789 2389 1103 2432 dissertatione
1121 2387 1169 2439 ³),
1201 2384 1344 2425 multa
1372 2380 1576 2436 cupidius
1605 2393 1740 2434 quam

326 2473 477 2516 verius
512 2471 671 2527 egisse,
703 2467 978 2510 Welckerus
1014 2462 1239 2518 Gruppius
1273 2459 1472 2500 Vaterus
1509 2469 1657 2510 saepe,
1691 2459 1735 2496 et

331 2564 410 2592 suo
446 2548 627 2605 quidem
656 2546 772 2601 iure,
802 2544 1097 2593 monuerunt,
1140 2542 1182 2580 et
1213 2537 1323 2592 ipsi,
1366 2534 1444 2576 ubi
1476 2534 1602 2574 locus
1639 2531 1742 2583 erit,

332 2625 551 2680 exemplis
586 2620 1010 2664 demonstrabimus.
1045 2641 1098 2647 ——

426 2748 453 2791 ¹)
480 2746 635 2781 vindice.
660 2756 697 2789 p.
724 2745 811 2779 VII.

427 2807 454 2849 ²)
482 2805 605 2849 Eurip.
632 2803 790 2838 restitut.
817 2803 846 2838 I.
872 2813 907 2846 p.
934 2803 991 2837 37.

428 2865 454 2908 3>
482 2862 667 2910 Opuscula
692 2861 762 2906 III,
790 2861 860 2895 263
890 2870 945 2905 sq.
