2238 3418
1073 341 1369 384 —54-

520 460 773 515 tragicorum
800 459 1033 502 imitatione
1058 458 1207 512 attulit,
1241 458 1351 499 vinci
1376 471 1503 513 posse
1524 461 1597 499 aut
1620 457 1794 500 refutari
1817 459 1924 499 arbi-

519 541 672 590 tratur,
711 549 807 577 eum
837 549 921 577 non
952 534 1145 576 veritatis
1179 533 1452 588 indagandae
1494 533 1570 576 sed
1607 533 1696 575 ludi
1735 533 1922 575 faciundi

524 625 680 654 caussa
712 612 896 653 scribere
928 610 1301 664 persuasissimum
1333 608 1512 652 habco.“

637 689 689 729 Et
721 687 773 730 de
806 685 1190 728 Alexandrinorum
1224 685 1393 739 quidem
1441 686 1560 740 poesi
1607 685 1770 739 tragica
1810 685 1925 727 haud

519 766 581 806 ita
612 764 744 805 multa
777 767 886 817 sunt,
919 775 1028 814 quae
1060 761 1184 803 nobis
1217 761 1451 803 traduntur.
1507 761 1557 802 Id
1588 761 1712 803 modo
1745 766 1924 815 constat,

519 840 776 892 tragicorum
808 844 891 880 tres
924 839 1160 893 principes,
1202 838 1395 892 inprimis
1428 841 1566 879 autem
1597 832 1841 891 Euripidem
1881 838 1924 878 in

522 929 684 958 summo
716 915 774 955 ibi
808 914 964 956 honore
997 913 1144 955 fuisse.
1177 937 1233 941 —
1265 913 1390 955 Docti
1411 926 1509 954 vero
1532 913 1669 965 magis
1693 917 1734 954 et
1758 912 1926 966 elegan—

520 996 584 1033 tes
624 989 942 1044 tragoediarum
982 989 1295 1030 existimatores
1339 976 1465 1042 quam
1504 989 1587 1043 ipsi
1636 988 1825 1030 sollertia
1867 989 1926 1029 in-

519 1066 685 1120 geniosi
718 1065 898 1108 fuerunt.
960 1064 1111 1107 Omnia
1143 1069 1229 1107 tum
1260 1065 1446 1120 deerant,
1481 1078 1589 1119 quae
1628 1069 1762 1106 artem
1802 1064 1926 1118 tragi-

523 1156 617 1185 cam
649 1146 736 1183 tam
770 1141 990 1195 vulgarem
1023 1145 1196 1194 tamque
1229 1142 1422 1183 omnibus
1456 1146 1624 1194 gratam
1644 1144 1685 1182 et
1702 1144 1925 1194 acceptam

522 1232 619 1261 esse
651 1222 921 1272 paterentur,
955 1222 999 1259 ut
1032 1222 1123 1259 erat
1156 1217 1359 1271 Athenis,
1391 1217 1638 1260 florentibus
1670 1216 1927 1269 tragicorum

519 1293 795 1349 principibus.
829 1318 884 1323 ——
918 1293 1056 1334 Etiam
1080 1294 1131 1336 de
1156 1294 1327 1335 Pleiade
1350 1296 1374 1335 7
1397 1294 1654 1347 tragicorum
1677 1291 1803 1332 modo
1827 1304 1927 1346 pau-

521 1383 571 1411 ca
615 1374 712 1411 sunt
751 1383 860 1422 quae
905 1374 1125 1425 comperta
1164 1369 1387 1413 habemus.
1420 1393 1473 1398 —
1508 1368 1685 1411 Accedit
1723 1367 1834 1420 quod
1875 1380 1927 1408 ex

519 1446 744 1501 perpaucis
779 1450 820 1486 et
851 1446 1004 1500 partim
1039 1445 1208 1499 quidem
1240 1446 1412 1488 incertis
1446 1458 1554 1498 quae
1588 1449 1808 1486 servantur
1847 1448 1929 1484 tra-

521 1522 768 1576 goediarum
800 1521 1051 1575 fragmentis
1085 1521 1140 1563 ad
1173 1526 1365 1563 nostrum
1396 1521 1583 1563 Rhesum
1623 1520 1728 1561 nihil
1768 1519 1926 1561 fructus

520 1596 755 1651 redundat3
790 1602 888 1639 sunt
921 1611 1026 1639 sane
1058 1598 1174 1640 levia
1197 1602 1238 1640 et
1258 1598 1395 1640 instar
1415 1598 1674 1639 imitatorum
1692 1595 1930 1650 Euripidis,

526 1674 578 1716 de
609 1674 756 1716 metris
789 1686 888 1715 vero
923 1673 1127 1714 adcurate
1161 1673 1412 1728 elaboratis,
1457 1674 1509 1715 de
1544 1673 1766 1714 structuris
1800 1685 1930 1713 enun-

520 1750 720 1803 tiatisque
764 1750 976 1802 exquisita
1015 1749 1238 1802 diligentia
1276 1751 1435 1804 pariter
1474 1763 1525 1791 ex
1564 1749 1698 1789 tribus
1751 1747 1930 1801 tragicis

520 1830 664 1879 totque
688 1825 785 1867 aliis
817 1825 1093 1879 scriptoribus
1118 1824 1319 1867 delibatis
1339 1826 1442 1867 nihil
1464 1829 1601 1880 patet:
1633 1823 1781 1865 Addas
1806 1823 1931 1865 etiam

520 1900 632 1954 quod
664 1905 751 1942 tum
784 1901 987 1955 temporis
1022 1905 1163 1943 actam
1195 1901 1263 1943 vel
1295 1901 1338 1942 in
1382 1902 1517 1943 lucem
1560 1900 1771 1955 proditam
1814 1899 1930 1941 fabu-

518 1977 604 2018 lam
646 1977 883 2019 criticorum
926 1977 1379 2031 grammaticorumque
1427 1976 1572 2019 oculos
1619 1976 1681 2018 ita
1726 1975 1931 2018 fefellisse

519 2066 692 2108 prorsus
727 2053 905 2106 cogitari
933 2058 1133 2105 nequeat.
1181 2054 1229 2095 In
1252 2055 1496 2095 universum
1520 2056 1632 2094 certe
1654 2052 1772 2094 hisce
1795 2066 1930 2106 gram-

520 2128 686 2170 maticis
721 2127 902 2182 pleiadis
936 2128 1065 2171 dictio
1098 2133 1316 2182 totumque
1350 2128 1666 2182 compositionis
1699 2141 1833 2182 genus
1861 2141 1930 2169 no-

520 2209 606 2246 tum
640 2217 737 2246 esse
770 2203 968 2258 debebat,
1003 2209 1044 2245 et
1077 2205 1112 2247 si
1144 2218 1237 2246 cum
1270 2204 1356 2247 illis
1397 2204 1607 2258 quaedam
1644 2203 1930 2247 intercederet

522 2279 767 2334 similitudo,
801 2279 918 2322 haud
952 2280 1112 2334 dubito,
1141 2280 1240 2334 quin
1262 2280 1680 2323 animadvertissent.
1713 2306 1764 2311 ——
1799 2280 1929 2322 Multo

521 2360 662 2397 autem
694 2355 784 2397 veri
818 2356 1018 2410 similius,
1051 2357 1182 2399 talem
1214 2356 1601 2399 Alexandrinorum
1633 2360 1802 2411 poetam
1836 2369 1928 2397 cum

518 2431 707 2474 Pleiadis
739 2432 876 2486 poetis
909 2437 1127 2486 certasse,
1170 2432 1425 2487 praesertim
1465 2445 1579 2486 cum,
1614 2445 1723 2485 quae
1763 2433 1816 2473 ab
1854 2431 1928 2472 illa

518 2507 763 2561 tragoediae
797 2509 962 2550 ratione
994 2513 1081 2549 tum
1113 2508 1373 2563 principibus
1406 2508 1634 2563 praecipue
1667 2508 1823 2550 dilecta
1860 2508 1927 2548 ab·

518 2583 737 2626 horrerent
768 2597 854 2624 non
887 2588 1082 2638 poterant
1114 2588 1364 2639 exspectare
1396 2583 1593 2638 plausum
1634 2584 1703 2627 vel
1742 2584 1926 2626 aemula-

519 2660 690 2701 tionem.
739 2660 969 2702 Praeterea
1001 2673 1110 2713 quae
1144 2659 1198 2701 ad
1217 2660 1420 2714 Athenas,
1453 2659 1678 2715 Orpheum,
1706 2660 1925 2701 Musaeum

517 2735 687 2788 aliaque
720 2735 761 2777 in
795 2735 963 2790 epilogo
997 2736 1237 2790 spectantia
1279 2735 1570 2790 effunduntur,
1610 2736 1713 2778 talia
1744 2735 1925 2778 Alexan-

517 2809 680 2853 drinum
711 2811 889 2866 prodere
921 2816 1089 2866 poetam
1121 2812 1215 2866 quis
1248 2816 1314 2854 est
1346 2812 1415 2866 qui
1449 2812 1531 2854 sibi
1562 2811 1850 2866 persuadeat?
