2238 3418
761 299 1052 339 —17—

210 415 476 457 indicantes.
540 415 635 463 Quo
670 415 823 457 audito
852 416 1023 456 Hector
1057 416 1251 459 Graecos
1287 418 1441 473 fugam
1471 419 1617 460 moliri

211 497 334 534 ratus
370 493 535 534 clamat
570 492 627 532 ad
659 506 781 532 arma
825 496 867 532 et
899 492 1042 533 multa
1078 494 1405 548 gloriabundus
1432 491 1617 547 effatur,

213 573 306 610 tum
334 568 479 609 Choro
515 567 615 608 eum
648 568 915 609 adhortante
949 573 991 609 et
1023 569 1404 623 reprehendente,
1435 569 1614 611 Aeneas

211 646 471 699 supervenit
505 648 638 699 atque
681 645 727 684 in
762 645 971 685 Hectoris
1012 645 1244 686 audaciam
1284 646 1527 688 invehitur.
1562 671 1615 676 —-

209 721 385 763 Deinde
427 721 655 774 suadenti,
702 726 751 762 ut
783 722 1040 777 speculator
1070 722 1115 762 in
1150 721 1425 764 Graecorum
1472 727 1618 764 castra

208 799 423 852 mittatur,
457 799 710 840 adsentitur
743 798 932 852 Chorus,
968 804 1011 840 et
1042 798 1213 840 Hector
1245 799 1391 840 statim
1423 799 1614 841 interro-

209 879 308 930 gat,
347 875 444 931 quis
477 875 588 917 velit
626 876 742 916 intra
777 875 1053 917 Graecorum
1094 877 1370 918 munimenta
1411 877 1614 931 specula-

209 956 303 992 tu'm
348 952 427 993 ire.
489 951 559 992 Ne
600 965 706 993 vero
747 953 830 994 sibi
869 952 953 1007 ipsi
992 953 1077 993 hoc
1114 953 1418 1008 importunum
1455 967 1617 994 munus

210 1028 454 1082 imponant,
479 1027 729 1082 profitetur,
757 1042 805 1070 se
829 1042 917 1069 non
942 1029 998 1069 ad
1027 1030 1174 1071 omnia
1201 1029 1424 1071 sufficere.
1478 1029 1621 1071 Offert

211 1116 310 1144 sese
345 1103 461 1144 lucri
492 1103 686 1145 faciendi
721 1104 880 1146 caussa
903 1104 1035 1157 Dolo,
1071 1105 1147 1160 qui
1178 1106 1317 1146 multa
1350 1106 1539 1161 primum
1565 1105 1619 1146 de

210 1180 416 1221 mercede
440 1194 540 1221 cum
565 1180 764 1222 Hectore
789 1195 942 1236 agens,
974 1182 1155 1223 tandem
1177 1181 1405 1236 promissis
1430 1181 1621 1223 Achillis

213 1256 338 1311 equis
372 1256 478 1309 abit,
510 1257 677 1311 pellem
712 1257 803 1312 lupi
824 1258 1030 1298 manibus
1054 1258 1339 1313 pedibusque
1360 1258 1619 1299 induturus.

213 1330 346 1378 Quod
362 1331 595 1373 inventum
617 1332 856 1373 admodum
880 1333 1067 1374 miratus
1089 1333 1263 1375 Chorus
1288 1335 1469 1375 summis
1492 1335 1620 1375 effert

213 1408 426 1450 laudibus
462 1423 653 1465 eumque
689 1410 854 1464 optima
887 1422 1095 1465 quaeque
1139 1415 1356 1465 exoptans
1391 1411 1511 1452 laeta
1544 1423 1620 1465 spe

213 1484 425 1526 victoriae
461 1486 664 1526 demittit.
686 1511 737 1514 —-
772 1485 868 1526 Nec
904 1499 950 1527 se
973 1486 1117 1527 minus
1144 1487 1250 1541 quid
1273 1491 1621 1528 consecuturum

213 1574 311 1602 esse
358 1562 594 1617 profitetur
643 1577 775 1618 quam
826 1563 970 1603 Ulixis
1021 1564 1093 1605 vel
1141 1563 1369 1605 Diomedis
1419 1564 1618 1605 caedem.

210 1636 387 1679 Deinde
420 1642 605 1693 apparet
636 1643 788 1693 pastor
822 1652 878 1679 ex
900 1638 983 1680 Ida
1003 1644 1168 1692 monte,
1201 1644 1378 1695 gratum
1399 1641 1617 1681 nuncians

210 1713 454 1755 adventum
477 1714 617 1755 Rhesi
642 1728 742 1755 cum
767 1715 970 1756 exercitu
989 1715 1222 1756 Thracico.
1271 1716 1413 1764 Quem
1430 1717 1620 1771 primum

208 1789 349 1831 multa
383 1790 436 1831 de
471 1791 664 1845 superbo
701 1791 904 1832 exercitu
936 1806 1191 1848 magnoque
1225 1806 1448 1834 armorum
1470 1794 1618 1848 splen-

211 1864 318 1906 dore
351 1870 607 1908 narrantem
646 1867 767 1908 duris
800 1868 950 1909 verbis
994 1868 1177 1909 adfatur
1208 1868 1392 1923 Hector,
1424 1870 1620 1925 superbe

209 1942 505 1997 respondens,
538 1957 586 1984 se
618 1956 701 1984 nec
727 1943 951 1985 Thracum
986 1959 1117 2000 egere
1153 1946 1320 1987 auxilio
1354 1961 1436 1988 nec
1468 1947 1619 1989 Rheso

209 2019 345 2072 socio,
379 2020 453 2076 qui
486 2034 587 2061 cum
619 2024 807 2061 vocatus
832 2035 922 2062 non
955 2022 1150 2074 adesset,
1183 2037 1302 2065 nunc
1326 2028 1428 2078 post
1452 2024 1619 2065 festum

209 2100 437 2150 appareat.
499 2095 713 2137 Attamen
747 2096 823 2137 ubi
855 2097 1083 2139 intellexit
1116 2099 1319 2140 Rhesum
1362 2100 1459 2141 sola
1489 2114 1618 2156 prae-

210 2172 356 2213 sentia
387 2171 593 2214 hostibus
627 2176 847 2214 terrorem
878 2173 1082 2216 incutere
1113 2189 1262 2230 posse,
1297 2176 1443 2218 subito
1476 2181 1620 2218 mutat

208 2249 478 2290 sententiam
510 2248 760 2303 laudatque
793 2249 993 2304 prudens
1028 2252 1276 2293 consilium.

326 2324 502 2366 Deinde
544 2325 709 2366 chorus
758 2325 891 2380 pleno
940 2340 1016 2368 ore
1054 2327 1256 2369 Rhesum
1307 2329 1490 2384 excipit,
1535 2328 1620 2370 Dei

207 2401 350 2443 instar
381 2401 710 2455 advenientem,
743 2405 880 2458 atque
905 2403 1035 2444 etiam
1057 2405 1222 2446 maiore
1246 2405 1463 2447 iactantia
1486 2419 1619 2461 quam

207 2478 254 2518 in
299 2477 447 2532 priore
495 2478 690 2519 carmine
739 2493 909 2520 summa
958 2494 1062 2521 eum
1116 2486 1466 2523 consecuturum
1520 2494 1618 2522 esse

210 2553 445 2609 gloriatur.
508 2553 578 2594 En
608 2554 756 2609 prodit
787 2554 833 2595 in
867 2569 1074 2598 scaenam
1111 2557 1206 2612 ipse
1239 2558 1438 2610 Rhesus,
1487 2571 1618 2613 quem

210 2628 514 2671 Valkenarius
550 2645 709 2685 parum
751 2634 852 2685 apte
896 2648 995 2674 cum
1038 2634 1188 2676 Plauti
1234 2634 1373 2675 milite
1420 2635 1616 2690 glorioso

211 2712 442 2762 comparat
472 2707 702 2764 multaque
736 2723 793 2751 ex
829 2711 909 2753 illa
940 2711 1171 2752 comoedia
1203 2711 1406 2752 desumta
1435 2711 1492 2752 ad
1514 2725 1617 2753 nos-

209 2786 328 2825 trum
359 2783 542 2826 heroem
573 2787 818 2841 respiciens
850 2788 1059 2829 intexuit.
1112 2787 1356 2829 Hectorem
1385 2787 1465 2829 ille
1499 2789 1617 2830 salu-

1384 2857 1406 2891 2
