2238 3418
876 349 1133 388 ,9.-

422 472 555 514 Unde
592 468 807 523 originem
842 466 1067 506 duxerunt
1101 462 1288 503 tabulae
1320 459 1576 501 fabularum
1601 462 1709 498 tem-

303 565 462 606 porum
493 548 667 590 ratione
702 542 996 596 conscriptae,
1031 553 1139 594 quas
1172 551 1278 578 mox
1310 533 1563 577 διδασκαλίαι
1586 547 1713 574 secu-

302 632 374 669 tae
426 629 542 668 sunt.
616 623 787 664 Harum
842 623 1047 661 auctores
1099 615 1386 656 nominantur
1428 611 1714 661 Aristoteles,

305 701 632 752 Callimachus,
685 696 1016 747 Dicaearchus,
1070 691 1400 746 Aristophanes
1454 687 1715 743 Byzantius,

307 780 479 831 Crates,
502 774 847 831 Dionysodorus
875 772 960 814 alii.
995 795 1047 799 —
1081 769 1139 810 Et
1162 768 1246 808 hoc
1266 766 1446 822 quidem
1464 765 1716 805 litterarum

306 868 472 912 genere
506 853 602 894 fere
638 863 790 891 omnes
818 846 1233 889 Alexandrinorum
1267 847 1310 884 et
1334 843 1715 897 Pergamenorum

307 931 577 987 insigniores
601 926 911 983 grammaticos
935 927 1138 965 versatos
1164 934 1277 972 esse,
1311 934 1368 960 ex
1397 918 1579 959 scholiis
1614 930 1714 958 con-

310 1009 455 1064 ligere
488 1007 606 1048 licet.
670 1004 870 1052 Quorum
909 1002 1160 1055 fragmenta
1203 1012 1302 1039 cum
1344 996 1609 1037 inferiorum
1643 994 1717 1035 ad-

314 1083 622 1126 notationibus
657 1081 866 1135 notisque
896 1078 1118 1134 permixta
1148 1077 1193 1117 in
1217 1073 1491 1129 argumentis
1516 1076 1559 1112 et
1592 1071 1719 1112 scho-

309 1162 382 1203 liis
407 1164 602 1211 exstant,
625 1158 762 1210 unde,
786 1170 900 1212 quae
926 1156 980 1196 sit
1002 1155 1160 1195 horum
1180 1152 1346 1193 fabulis
1366 1149 1721 1206 praepositorum

314 1240 682 1293 argumentorum
714 1235 796 1286 vis,
831 1233 975 1287 quivis
1010 1232 1151 1271 lector
1181 1230 1276 1284 ipse
1308 1227 1510 1268 iudicare
1542 1228 1703 1281 potest.

429 1312 487 1353 Et
519 1312 564 1352 in
590 1310 816 1365 Euripidis
845 1308 1024 1363 quidem
1058 1306 1184 1347 libris
1220 1304 1395 1358 saepius
1430 1303 1621 1344 alterum
1653 1314 1724 1341 ar-

312 1393 573 1445 gumentum
605 1386 920 1440 Aristophanis
954 1383 1158 1439 Byzantii
1203 1394 1365 1422 nomen
1407 1379 1515 1431 fert,
1559 1377 1724 1432 (Orest.

312 1466 487 1507 Phoen.
505 1464 625 1506 Med.
644 1463 861 1504 Androm.
884 1462 1020 1502 Rhes.
1039 1459 1203 1501 Bacch.
1229 1462 1270 1499 et
1294 1455 1541 1498 secundum
1563 1453 1726 1495 Kirch-

314 1541 526 1584 hosfium:
561 1540 752 1593 Alcest.)
786 1539 925 1594 primo
960 1538 1054 1578 fere
1080 1549 1300 1591 nusquam
1323 1546 1483 1574 nomen
1509 1529 1727 1587 praescri-

317 1619 463 1670 bitur,
506 1617 589 1658 nisi
621 1617 667 1657 in
700 1616 870 1657 Alcest.
905 1618 948 1655 et
980 1613 1099 1654 Med.
1133 1612 1211 1653 ubi
1250 1610 1437 1665 legitur:
1487 1605 1728 1661 Δικαιάρχου

315 1690 534 1744 ὑπόδεσις,
572 1693 693 1734 unde
735 1692 866 1733 etiam
905 1691 951 1731 in
986 1690 1083 1731 aliis
1117 1688 1284 1729 fabulis
1322 1685 1513 1727 eundem
1547 1683 1727 1724 titulum

319 1772 424 1813 olim
458 1771 626 1812 lectum
659 1769 799 1810 fuisse
835 1768 1088 1822 suspicatur
1119 1764 1372 1806 Kirchhoff.
1415 1761 1588 1818 (philol.
1621 1758 1729 1811 VH,

317 1864 359 1904 p.
383 1848 501 1901 563).
565 1846 637 1887 Ex
663 1859 748 1900 quo
783 1845 875 1886 veri
911 1844 1051 1885 simile
1085 1842 1148 1895 fit,
1183 1839 1433 1896 argumenti
1469 1837 1729 1892 scriptorem

319 1925 411 1980 (vel
430 1922 688 1978 scriptores)
714 1926 790 1962 aut
807 1922 924 1976 ipsas
944 1925 1026 1961 Δικ.
1049 1914 1264 1966 §nossem
1279 1917 1323 1957 in
1349 1916 1484 1971 Soph.
1514 1918 1556 1955 et
1577 1913 1730 1967 Eurip.

319 2001 499 2043 fabulas
549 2003 627 2040 aut
667 2002 816 2039 tamen
856 2011 913 2037 ex
950 1997 1038 2037 illis
1082 1998 1299 2048 excerpta
1339 1993 1457 2034 inter
1498 1991 1582 2032 alia
1627 1994 1732 2030 ante

321 2077 476 2119 oculos
518 2075 746 2117 habuisse.
782 2099 835 2104 —-
869 2073 960 2114 Sed
1003 2087 1103 2113 cum
1143 2071 1261 2111 idem
1294 2066 1606 2110 Kirchhoffius
1640 2066 1669 2106 l.
1702 2066 1732 2105 l.

322 2157 527 2195 nostrum
550 2150 886 2208 grammaticum
913 2149 1044 2190 haec
1069 2148 1243 2189 omnia
1273 2160 1329 2187 ex
1353 2151 1436 2186 Δικ.
1460 2139 1579 2186 ὑποῗ.
1604 2144 1732 2197 (qua-

322 2245 421 2272 rum
456 2229 621 2271 mentio
656 2227 774 2282 apud
808 2226 994 2268 Sextum
1026 2224 1297 2279 Empiricum
1334 2222 1434 2263 adv.
1478 2219 1734 2261 mathemat.

324 2305 419 2359 III,
452 2306 496 2359 3)
530 2305 735 2346 hausisse
776 2303 991 2355 coniciat,
1032 2301 1239 2356 equidem
1278 2311 1494 2353 repugno.
1558 2294 1735 2337 Etenim

327 2397 431 2424 cum
461 2381 607 2434 infra,
650 2380 731 2421 ubi
765 2380 819 2420 de
854 2379 1031 2420 duobus
1064 2377 1263 2432 loquitur
1294 2374 1506 2430 prologis,
1538 2372 1623 2413 iam
1658 2371 1734 2411 Di-

326 2458 597 2500 caearchum
630 2457 686 2499 ad
718 2457 908 2498 verbum
941 2455 1046 2496 citet
1080 2452 1342 2507 (rectissime
1367 2464 1473 2491 vero
1498 2448 1735 2490 Nauckius

329 2550 385 2578 ex
417 2533 577 2576 δικαίαν
619 2533 816 2575 correxit
858 2531 1121 2586 Δικαίαρχος)
1157 2527 1472 2577 statuendum,
1513 2539 1613 2566 eum
1650 2524 1737 2564 iam

328 2626 465 2666 supra
489 2610 543 2652 de
569 2610 783 2665 scriptore
807 2609 949 2650 Rhesi
982 2606 1215 2648 discidium
1249 2606 1569 2644 memorantem
1601 2600 1736 2641 huius

327 2687 524 2729 auctoris
567 2686 801 2727 arbitrium
840 2685 980 2726 fuisse
1022 2682 1371 2723 nominaturum.
1406 2704 1458 2708 ——
1493 2678 1737 2731 Utcunque

327 2778 399 2806 res
434 2776 480 2804 se
510 2762 665 2815 habet,
697 2761 808 2802 nihil
842 2760 967 2801 aliud
1002 2771 1178 2801 sumere
1211 2770 1463 2812 possumus,
1503 2754 1588 2795 nisi
1621 2767 1736 2794 com-

328 2840 562 2896 pilatorem
604 2837 858 2894 appellasse
897 2840 1130 2887 auctores,
1182 2833 1260 2875 ubi
1301 2831 1483 2874 maximi
1523 2829 1737 2886 ponderis
