2238 3418
1146 301 1433 341 „13-

591 424 716 473 tans,
772 432 983 474 magnum
1039 431 1137 459 sese
1182 417 1382 473 quamvis
1431 417 1557 459 tarde
1596 417 1910 459 advenientem
1952 416 1997 458 in

593 496 794 537 delendis
826 495 1024 536 hostium
1068 494 1225 535 castris
1271 494 1554 548 navibusque
1598 494 1696 534 fore
1746 493 1998 533 adiutorem

590 572 851 628 pollicetur,
900 570 1283 624 Troianorumque
1317 569 1443 610 ducis
1484 569 1641 610 duram
1680 569 1996 610 conviciosam-

592 661 678 703 que
710 646 955 688 orationem
987 645 1154 686 refutat-
1184 646 1305 687 laeta
1336 659 1430 700 spe,
1463 659 1550 686 uno
1586 645 1655 685 die
1688 659 1734 685 se
1769 657 1867 685 esse
1900 657 1996 698 per-

591 724 836 775 fecturum,
882 721 1003 778 quod
1035 721 1208 762 Hector
1239 735 1319 777 per
1351 725 1469 762 totos
1505 721 1659 762 decem
1693 733 1832 761 annos
1866 718 1996 775 perfi-

591 813 691 842 cere
732 813 820 840 non
853 799 1011 854 potuit,
1050 798 1211 839 deinde
1245 812 1292 839 se
1334 798 1511 838 domum
1551 798 1790 839 abiturum.
1843 821 1895 826 —
1944 795 1998 837 In

591 876 784 917 carmine
816 875 1082 930 insequente
1108 874 1280 915 Chorus
1314 873 1470 915 eadem
1499 874 1825 915 sententiarum
1857 887 1995 928 penu-

591 952 654 993 ria
687 952 900 993 laborans
934 950 1047 991 nihil
1080 950 1165 991 nisi
1199 950 1399 991 exsultat
1431 950 1612 1005 gaudio,
1648 950 1772 1005 quod
1806 948 1997 990 Graeco-

593 1042 693 1069 rum
729 1027 864 1068 duces
899 1026 1040 1068 Rhesi
1073 1026 1270 1068 adventu
1302 1039 1406 1066 mox
1436 1009 1659 1068 interituri
1690 1027 1790 1068 sint.

706 1102 826 1144 Ecce
859 1115 994 1154 vero,
1035 1102 1110 1158 qui
1144 1106 1276 1143 antea
1311 1102 1490 1143 domum
1526 1116 1573 1143 se
1608 1102 1856 1144 rediturum
1897 1114 1997 1157 pro-

592 1179 738 1220 fessus
788 1183 885 1220 erat
917 1192 1038 1219 nunc
1070 1191 1231 1233 magno
1265 1178 1408 1219 animo
1440 1179 1685 1233 proclamat
1718 1178 1850 1219 Troia
1885 1178 1997 1219 libe-

589 1258 687 1296 rata
718 1254 964 1310 spoliisque
998 1254 1079 1295 diis
1114 1254 1414 1307 consecratis,
1458 1268 1506 1295 se
1538 1255 1655 1296 velle
1686 1254 1732 1295 in
1766 1253 1999 1295 Graeciam

589 1329 838 1385 proficisci,
886 1330 1005 1371 ferro
1056 1334 1098 1371 et
1144 1330 1238 1385 igni
1285 1331 1431 1371 omnia
1480 1331 1746 1372 deleturum.
1822 1329 1994 1378 Quibus

589 1406 889 1448 locutionibus
924 1411 974 1447 ut
1006 1406 1140 1447 finem
1170 1407 1369 1462 imponat
1400 1406 1595 1459 Hector,
1638 1405 1805 1446 talibus
1837 1419 1996 1460 parum

590 1488 834 1525 commotus
867 1484 1117 1539 interrogat
1158 1497 1351 1540 quanam
1390 1483 1615 1524 exercitus
1648 1487 1772 1538 parte
1812 1482 1993 1523 cubicu-

593 1560 686 1601 lum
704 1561 942 1602 conlocare
965 1561 1091 1602 velit.
1126 1586 1179 1590 ——
1213 1560 1286 1601 Ad
1305 1573 1420 1616 quae
1443 1559 1621 1600 Rhesus
1645 1559 1791 1600 solum
1810 1571 1857 1599 se
1884 1572 1996 1613 pug-

589 1650 696 1679 nare
728 1637 849 1679 velle
882 1637 1092 1689 ostendit,
1128 1636 1288 1692 quodsi
1320 1636 1405 1678 sibi
1426 1636 1573 1676 minus
1598 1635 1810 1676 decorum
1830 1633 1998 1675 iudicet

589 1712 785 1766 Hector,
830 1713 1046 1754 adversus
1086 1712 1311 1753 Achillem
1350 1716 1614 1767 ceterosque
1654 1710 1850 1752 Graecos
1896 1724 1998 1751 eum

590 1789 808 1830 conlocet.
856 1787 970 1830 Inde
1003 1789 1186 1841 socium,
1221 1788 1274 1830 de
1296 1787 1457 1829 Graeci
1482 1788 1706 1829 exercitus
1730 1787 1994 1828 condicione

591 1865 735 1921 deque
769 1865 918 1906 Ulixis
965 1864 1131 1906 astutia
1174 1864 1382 1905 edoctum
1426 1869 1600 1906 tessera
1648 1864 1766 1905 dicta
1813 1863 1996 1905 abducit

590 1942 826 1983 stationem
859 1942 1193 1997 designaturus.

708 2019 821 2061 Tum
863 2020 991 2062 brevi
1023 2019 1218 2061 carmine
1258 2032 1282 2059 a
1317 2018 1516 2074 Gruppio
1555 2018 1629 2059 vel
1665 2017 1857 2058 maxime
1895 2017 1991 2058 lau-

592 2096 695 2137 dato
745 2096 1003 2149 decantato,
1047 2097 1233 2137 miratur
1278 2095 1475 2147 Chorus,
1524 2094 1854 2150 speculatorem
1904 2098 1996 2135 tam

592 2170 670 2212 diu
717 2171 890 2213 abesse.
955 2172 1067 2213 Tum
1114 2185 1220 2213 vero
1253 2172 1495 2213 Diomedes
1545 2175 1587 2212 et
1619 2171 1779 2212 Ulixes
1826 2171 1997 2211 intrant

592 2248 806 2289 stationes
839 2248 1037 2290 troianas
1072 2262 1163 2289 non
1196 2248 1464 2300 custoditas,
1496 2252 1546 2288 ut
1577 2246 1824 2289 Hectorem
1854 2247 1994 2287 inter-

588 2323 754 2377 ficiant,
778 2324 832 2365 de
852 2325 977 2366 cuius
997 2325 1135 2366 cubili
1154 2339 1178 2366 a
1194 2324 1372 2365 Dolone
1398 2324 1611 2365 certiores
1634 2323 1742 2365 facti
1766 2327 1907 2364 erant.
1943 2347 1995 2351 -

588 2400 657 2440 En
690 2405 875 2456 apparet
906 2400 1024 2453 Dea,
1064 2414 1179 2457 quae
1213 2405 1255 2442 et
1286 2400 1427 2441 Rhesi
1461 2400 1703 2441 adventum
1744 2399 1913 2440 indicet
1954 2402 1997 2439 et

589 2476 824 2518 stationem
855 2482 1088 2519 monstret.
1141 2477 1420 2529 Diomedem,
1458 2475 1608 2517 caedis
1643 2475 1868 2530 cupidum,
1902 2474 1995 2516 Uli-

588 2565 668 2593 xes
700 2552 963 2607 prudentior
994 2553 1172 2606 retinet,
1202 2553 1419 2608 iubetque
1443 2552 1606 2604 redire,
1638 2566 1694 2593 ne
1719 2551 1825 2592 dum
1849 2551 1984 2592 alium

587 2628 829 2683 principem
848 2628 1143 2670 Troianorum
1175 2628 1428 2670 interficere
1463 2628 1675 2669 studeant
1696 2631 1882 2683 pereant
1905 2627 1990 2682 ipsi

589 2708 632 2745 et
662 2705 708 2745 in
740 2705 926 2761 vigilum
957 2720 1115 2747 manus
1146 2704 1361 2746 incidant.
1411 2703 1654 2745 Redituros
1688 2718 1794 2747 vero
1827 2703 1990 2744 retinet

586 2779 738 2822 Pallas
771 2781 856 2824 dea
883 2781 1156 2838 mandatque
1187 2785 1236 2823 ut
1268 2779 1468 2822 Rhesum
1499 2779 1784 2834 interficiant,
1819 2779 1983 2837 quippe
