2238 3418
1076 310 1368 353 -52-

531 422 769 478 Aeschyleo
816 429 857 465 et
898 425 1125 479 Euripideo
1168 426 1293 467 valde
1333 427 1503 469 diversa
1537 433 1641 482 sint,
1691 428 1933 471 dubitanter

530 498 841 552 Aristarchum,
884 500 1099 555 Euripidis
1133 502 1376 556 aequalem,
1418 503 1531 544 haud
1569 504 1793 557 ignobilem
1834 519 1934 559 poe-

529 579 615 616 tam
647 580 860 617 auctorem
895 575 1027 618 fuisse
1060 582 1192 631 putat.
1256 578 1393 627 Quam
1432 579 1600 632 quidem
1641 580 1930 622 coniecturam

527 651 641 693 nullo
673 651 885 705 probabili
926 651 1202 694 fundamento
1246 654 1389 695 nixam
1426 655 1648 709 amplexus
1686 660 1752 698 est
1784 656 1931 698 Scholl

528 727 625 769 hist.
658 727 739 769 litt.
771 741 833 781 gr.
854 726 881 781 ¹)

642 804 794 845 Anton.
814 803 986 845 Delrio
1004 801 1034 858 2)
1063 818 1159 846 eam
1183 805 1370 847 fabulam
1389 806 1539 849 minori
1559 807 1747 862 Euripidi
1770 807 1929 862 tribuit,

526 879 764 933 cognomini
796 879 940 921 fratris
973 880 1073 922 filio.
1121 882 1174 922 Et
1206 881 1316 923 hanc
1350 882 1517 935 quidem
1550 884 1791 937 opinionem
1816 897 1931 925 secu-

526 960 593 997 tus
641 960 706 997 est
752 956 850 997 Boe
864 955 1045 997 ckhius
1104 957 1147 998 in
1193 957 1299 999 libro
1356 957 1408 999 dc
1463 959 1637 1012 tragicis
1690 960 1929 1013 graecis³);

524 1032 700 1073 retraxit
740 1043 840 1073 vero
893 1032 1149 1074 sententiam
1191 1034 1233 1074 in
1286 1034 1475 1076 secunda
1518 1034 1570 1076 de
1619 1019 1745 1090 Sopb.
1786 1036 1928 1088 Antig.

523 1107 872 1149 commentatione
926 1108 968 1148 in
1023 1108 1141 1151 Actis
1198 1110 1330 1151 Acad.
1370 1111 1543 1153 Boruss.
1604 1110 1781 1165 1828⁴)‚
1836 1111 1928 1154 Jac.

521 1183 854 1226 Hardionius
901 1182 961 1238 (in
1002 1185 1144 1228 libello
1182 1186 1301 1228 initio
1344 1186 1539 1240 laudato)
1584 1200 1676 1228 cum
1719 1201 1771 1228 ex
1810 1186 1929 1229 fabu-

520 1260 586 1302 lae
632 1260 879 1302 oeconomia
932 1274 1069 1314 neque
1114 1259 1306 1316 Eur-ip.⁵)
1368 1275 1504 1315 neque
1548 1262 1808 1317 Aeschylum
1856 1276 1924 1304 ne-

523 1348 603 1388 que
636 1335 891 1390 Sophoclem
923 1336 1053 1377 Rhesi
1084 1342 1299 1379 auctorem
1341 1351 1438 1379 esse
1480 1337 1800 1380 demonstrasse
1847 1337 1927 1378 sibi

518 1412 637 1454 visus
671 1416 788 1453 esset
820 1412 1008 1455 infcriori
1040 1412 1187 1455 tribuit
1217 1417 1370 1468 poetae
1402 1418 1499 1468 post
1531 1414 1730 1468 expulsos
1753 1414 1928 1467 triginta

519 1492 738 1543 tyrannos,
781 1501 925 1531 verum
959 1493 1058 1530 ante
1090 1488 1341 1543 Jsocratem,
1382 1494 1469 1531 tum
1512 1504 1606 1532 cum
1648 1494 1838 1532 oratores
1872 1489 1928 1531 ad

518 1563 674 1606 bellum
707 1568 854 1606 contra
878 1565 1033 1607 Persas
1053 1565 1391 1607 adhortabantur
1408 1571 1548 1620 atque,
1571 1572 1617 1609 ut
1639 1567 1754 1621 dicit,
1779 1568 1813 1608 T
1818 1566 1923 1608 roia-

518 1654 663 1682 norum
682 1642 990 1694 Persarumque
1012 1641 1146 1696 mythi
1170 1643 1397 1684 maximum
1421 1642 1616 1695 plausum
1639 1642 1846 1685 ferebant.
1866 1665 1922 1670 —

516 1716 678 1758 Iniuria
715 1721 855 1758 autem
897 1717 1118 1771 primarias
1163 1731 1370 1772 personas
1414 1719 1618 1760 adcurate
1660 1719 1716 1762 ad
1748 1718 1919 1760 Homeri

516 1793 753 1847 exemplum
771 1792 1055 1835 conformatas
1076 1806 1172 1835 esse
1199 1794 1360 1848 statuit,
1384 1799 1551 1849 praeter
1572 1794 1773 1848 Rhesum,
1797 1808 1921 1847 quem

515 1869 687 1911 Hectori
713 1868 974 1911 simillimum
1007 1869 1175 1912 finxerit
1191 1875 1335 1924 poeta:
1371 1871 1522 1913 eadem
1562 1871 1722 1913 scilicet
1753 1872 1920 1925 virtute,

516 1945 666 1987 eadem
699 1945 961 1998 sinceritate,
997 1946 1073 1988 sed
1105 1946 1248 2001 paullo
1280 1947 1438 1989 maiore
1457 1947 1722 2001 adrogantia.
1757 1973 1810 1977 -
1842 1947 1918 1989 Im-

514 2021 660 2074 primis
694 2025 735 2062 et
765 2021 855 2064 iure
889 2022 1061 2075 quidem
1092 2022 1316 2077 vituperat,
1350 2023 1459 2076 quod
1492 2023 1579 2065 fere
1612 2037 1758 2066 omnes
1780 2037 1917 2078 repre-

513 2096 717 2151 hendunt,
751 2097 856 2138 nibil
889 2098 1033 2140 inesse
1066 2099 1175 2151 quod
1209 2105 1377 2142 moveat
1408 2105 1610 2142 terrorem
1652 2099 1720 2142 vel
1759 2100 1919 2141 miseri-

514 2172 714 2215 cordiam.
736 2197 788 2202 —
814 2174 1012 2216 Ceterum
1029 2175 1261 2217 notandum
1280 2188 1373 2216 eum
1391 2189 1454 2219 vs.
1474 2176 1558 2218 946
1580 2176 1635 2217 ad
1654 2176 1918 2217 Socratem

514 2248 667 2291 iniuste
697 2249 945 2292 damnatum
978 2250 1127 2293 referri
1154 2250 1279 2293 velle.
1312 2275 1367 2280 —
1400 2251 1772 2294 Valkenarium
1803 2252 1918 2294 dein-

512 2322 566 2365 de
581 2322 613 2380 6)
638 2325 767 2368 nimio
790 2326 929 2368 studio
953 2340 1061 2380 quae
1101 2327 1186 2369 sint
1208 2327 1561 2382 reprehendenda
1585 2328 1757 2382 saepius
1791 2341 1917 2382 exag-

607 2493 632 2533 ¹)
659 2492 714 2528 ed.
741 2494 949 2538 germanica
975 2495 1003 2539 I,
1031 2496 1113 2531 264.

605 2551 631 2594 ²)
657 2552 796 2597 proleg.
822 2553 858 2587 in
886 2553 1050 2589 Senecae
1074 2558 1167 2600 trag.
1193 2565 1227 2599 p.
1255 2555 1356 2590 XXI.

604 2610 632 2652 ³)
657 2621 692 2654 p.
718 2611 799 2647 228.

603 2670 631 2709 ἰ)
656 2679 691 2713 p.
718 2671 796 2714 110,
825 2672 855 2714 1,
882 2671 1039 2715 repetita
1064 2672 1100 2707 in
1118 2671 1331 2717 Antigonae
1357 2672 1517 2707 editione
1536 2673 1631 2709 Berl.
1652 2674 1751 2718 1843,
1778 2684 1812 2718 p.
1830 2675 1913 2710 297.

605 2727 632 2769 ⁸)
658 2737 692 2770 p.
719 2728 788 2763 334
813 2738 871 2773 sq.

604 2784 630 2827 ⁶)
657 2784 838 2822 diatribae
864 2796 944 2832 cap.
972 2787 1027 2823 IX
1054 2791 1092 2823 et
1116 2789 1161 2823 X.
