2238 3418
844 355 1138 393 *05—

302 481 345 521 in
376 478 528 531 quibus
561 480 606 516 ut
637 486 735 514 mox
769 471 991 526 apparebit
1029 482 1112 509 non
1156 467 1239 508 nisi
1283 469 1416 507 metra
1457 463 1709 517 vituperium

304 552 520 607 effugiunt.
546 577 597 582 —
633 548 763 589 Multa
797 546 1011 598 exquisita
1042 544 1173 585 habet
1205 541 1382 582 nuncius
1405 539 1457 581 de
1482 544 1711 588 armatura,

306 630 358 672 de
393 629 529 681 equis,
563 640 705 668 eorum
727 623 1000 675 ornamentis,
1034 616 1329 661 tintinnabulis
1363 620 1440 657 ete.
1474 639 1530 644 —
1564 615 1713 655 Deam

306 721 358 748 ex
380 704 613 747 machina
643 715 735 743 cum
764 702 844 742 iam
872 698 1104 741 viderimus
1126 693 1359 746 Palladem,
1388 691 1572 745 profecto
1595 690 1717 731 mira-

309 796 400 824 mur
431 793 582 822 versus
614 780 741 820 finem
775 777 904 818 etiam
935 773 1065 816 Rhesi
1098 775 1280 812 matrem
1323 767 1605 823 eccyclemate
1648 780 1718 820 ap-

307 871 484 913 parere,
517 856 651 896 multa
684 854 804 895 docte
840 852 891 894 de
924 850 1007 892 filio
1046 849 1181 900 deque
1227 846 1316 886 eius
1364 844 1595 885 honoribus
1629 855 1720 895 pro-

307 934 411 976 fari:
454 945 586 986 quae,
631 931 835 971 amissam
869 926 1157 979 virginitatem
1190 922 1361 973 aliaque
1399 924 1571 972 questa,
1615 918 1722 958 Rau-

310 1023 425 1051 mero
447 1008 477 1062 1)
514 1009 644 1050 risum
679 1006 817 1060 potius
850 1017 974 1057 quam
1008 999 1325 1042 miserationem
1360 1000 1513 1038 movet.
1562 995 1613 1034 Et
1635 994 1723 1033 11116

311 1086 493 1140 quidem.
539 1109 592 1114 —-
627 1083 781 1123 Verum
829 1080 932 1121 duro
973 1078 1060 1119 fere
1105 1075 1244 1117 animo
1282 1073 1388 1114 haec
1431 1070 1569 1113 omnia
1609 1068 1725 1110 videt

311 1162 511 1214 auditque
535 1160 712 1212 Chorus‘,
747 1171 829 1199 non
859 1156 979 1209 luget
1003 1153 1186 1195 Rhesum
1213 1154 1437 1201 mortuum,
1472 1151 1512 1188 et
1536 1145 1586 1186 de
1610 1157 1726 1199 prae·

312 1239 450 1281 teritis
484 1235 603 1288 nihil,
636 1239 681 1276 ut
713 1233 902 1285 videtur,
937 1230 1166 1278 sollicitus,
1208 1227 1390 1267 Hectore
1425 1224 1528 1265 duce
1563 1235 1608 1263 se
1640 1221 1725 1262 vic-

313 1321 449 1356 turum
482 1325 579 1354 esse
614 1314 773 1364 sperat.
809 1334 860 1339 —
895 1308 1087 1358 Denique
1121 1317 1193 1345 cur
1226 1300 1418 1343 discedat
1450 1305 1547 1340 ante
1576 1298 1726 1338 Musae

317 1391 546 1433 adventum
582 1388 751 1440 auriga,
789 1399 881 1426 cum
914 1389 1057 1424 tamen
1091 1381 1141 1421 ab
1176 1393 1225 1420 ea
1259 1377 1405 1418 audire
1446 1374 1605 1430 possit,
1647 1385 1727 1413 non

318 1469 545 1510 Hectorem
581 1477 780 1506 caussam
815 1475 911 1503 esse
945 1456 1163 1500 infortunii
1202 1453 1409 1495 carissimi
1444 1450 1618 1504 domini,
1652 1449 1729 1490 hoc

318 1544 446 1586 velim
478 1540 764 1593 Hartungium
799 1538 867 1580 vel
902 1534 1130 1589 Gruppium
1164 1530 1266 1572 mihi
1310 1528 1536 1582 explicare.
1581 1549 1632 1554 —
1667 1525 1730 1565 Ex

320 1634 402 1674 quo
437 1623 555 1674 patet
586 1631 678 1658 cum
711 1616 795 1656 iam
827 1619 958 1655 totum
992 1608 1201 1651 dramatis
1235 1605 1435 1658 frigidum
1471 1605 1543 1656 sit,
1585 1607 1727 1642 tamen

322 1701 420 1739 ante
454 1694 595 1737 omnia
628 1693 785 1733 finem
811 1690 1032 1742 languere.
1065 1711 1116 1716 —

442 1773 504 1813 De
544 1768 895 1812 ostentatione
936 1762 1207 1805 doctrinae
1249 1771 1355 1810 quae
1388 1759 1594 1797 memorat
1631 1752 1734 1793 Her·

325 1861 520 1901 mannus,
555 1844 600 1900 (l.
624 1845 651 1886 l.
677 1858 715 1898 p.
748 1840 852 1896 289)
876 1840 990 1882 haud
1014 1839 1074 1880 ita
1096 1835 1240 1889 magni
1271 1839 1367 1875 suut
1396 1830 1609 1886 ponderis,
1634 1841 1737 1870 non-

325 1924 526 1976 nullaque
551 1923 640 1964 11116
669 1919 920 1962 Welckerus
954 1914 1167 1956 refutavit.
1197 1911 1243 1964 (1.
1262 1910 1287 1951 l.
1322 1906 1464 1962 1118.)
1529 1905 1614 1947 Sed
1642 1918 1737 1947 con-

325 1999 575 2052 cedendum,
609 1998 737 2039 nimio
771 1997 866 2051 plus
899 1994 1096 2035 doctum
1130 2002 1223 2030 eum
1258 1986 1325 2028 vel
1358 1998 1455 2027 esse
1489 1982 1557 2025 vel
1589 1979 1738 2022 haberi

325 2077 447 2127 velle,
477 2074 708 2128 etquidem
727 2086 875 2127 parum
903 2074 1002 2122 apto
1028 2067 1133 2120 loco,
1163 2065 1204 2105 in
1230 2063 1375 2117 primis
1405 2061 1446 2102 in
1477 2059 1657 2114 epilogo,
1686 2056 1738 2097 de

326 2167 407 2207 quo
432 2152 506 2194 alii
535 2151 620 2192 alia
649 2150 929 2192 coniecerunt.
992 2143 1124 2185 Nulla
1149 2144 1349 2183 accurata
1368 2143 1434 2181 est
1462 2146 1740 2191 personarum

329 2228 575 2283 descriptio,
598 2227 772 2268 ubinam
791 2224 958 2275 heroes,
987 2220 1057 2274 qui
1084 2232 1191 2272 quae
1212 2215 1426 2270 Euripidis
1447 2218 1636 2266 tempore
1656 2211 1743 2251 ani-

329 2319 420 2348 mos
440 2305 709 2359 occupabant
727 2299 1021 2356 philosophiae
1041 2296 1244 2346 rationes,
1265 2292 1315 2333 de
1333 2291 1392 2332 rei
1406 2288 1601 2344 publicae
1616 2291 1741 2338 statu,

330 2382 382 2424 de
402 2381 553 2435 servis,
583 2380 635 2422 de
663 2378 833 2420 feminis
856 2376 1072 2426 multaque
1100 2372 1188 2413 alia
1216 2367 1400 2422 eleganti
1427 2371 1468 2408 et
1484 2363 1642 2418 liquido
1661 2362 1744 2403 dis-

330 2457 506 2514 putandi
528 2470 643 2499 more
666 2455 911 2496 tractabant
940 2452 1233 2500 immensoque
1260 2444 1484 2486 audientes
1512 2439 1744 2494 implebant

330 2535 499 2588 gaudio,
533 2531 738 2576 orationis
764 2529 962 2572 mollibus
994 2525 1184 2568 flosculis
1218 2518 1518 2563 abundantes?

448 2610 601 2652 Insunt
643 2621 747 2650 sane
791 2603 1032 2648 sententiae
1077 2599 1152 2642 sed
1196 2611 1273 2639 eae
1317 2595 1542 2637 maximam
1581 2594 1746 2646 partem

332 2687 576 2742 perbreves,
610 2689 651 2727 61
672 2697 789 2726 111016
817 2681 958 2736 potius
988 2674 1270 2732 Sophocleo
1296 2682 1540 2725 expressae.
1574 2691 1623 2696 —
1661 2665 1748 2707 Ali-

427 2850 450 2893 ¹)
479 2848 735 2891 Vorlesungen
760 2844 820 2880 ub.
848 2843 923 2878 alte
950 2840 1081 2876 Gesch.
1109 2837 1157 2873 II.
1186 2835 1242 2872 ed.
1270 2831 1419 2870 secund.
1447 2832 1517 2866 516
1546 2840 1603 2875 sq.
